<?xml version="1.0" encoding="UTF-8"?>
<!DOCTYPE html PUBLIC "-//W3C//DTD XHTML 1.0 Transitional//EN"
    "http://www.w3.org/TR/xhtml1/DTD/xhtml1-transitional.dtd">
<html xmlns="http://www.w3.org/1999/xhtml" xml:lang="en" lang="en">
 <head>
  <title>
</title>
<meta http-equiv="Content-Type" content="text/html;charset=utf-8" />
  <meta name='ocr-system' content='tesseract 3.04.00' />
  <meta name='ocr-capabilities' content='ocr_page ocr_carea ocr_par ocr_line ocrx_word'/>
</head>
<body>
  <div class='ocr_page' id='page_1' title='image "./sanctiambrosiio04petsgoog/sanctiambrosiio04petsgoog_0137.png"; bbox 0 0 2784 5228; ppageno 0'>
   <div class='ocr_carea' id='block_1_1' title="bbox 172 731 839 797">
    <p class='ocr_par' dir='ltr' id='par_1_1' title="bbox 172 731 839 797">
     <span class='ocr_line' id='line_1_1' title="bbox 172 731 839 797; baseline 0.004 -14"><span class='ocrx_word' id='word_1_1' title='bbox 172 733 214 797; x_wconf 83' lang='grc'>74</span> <span class='ocrx_word' id='word_1_2' title='bbox 639 731 839 786; x_wconf 81' lang='lat' dir='ltr'><strong>Ambrosii</strong></span> 
     </span>
    </p>
   </div>
   <div class='ocr_carea' id='block_1_2' title="bbox 75 923 1352 3570">
    <p class='ocr_par' dir='ltr' id='par_1_2' title="bbox 124 923 1340 1434">
     <span class='ocr_line' id='line_1_2' title="bbox 124 923 1312 1008; baseline 0 -19"><span class='ocrx_word' id='word_1_3' title='bbox 124 929 145 989; x_wconf 82' lang='lat'><strong>2</strong></span> <span class='ocrx_word' id='word_1_4' title='bbox 215 925 264 990; x_wconf 90' lang='lat' dir='ltr'>Sit</span> <span class='ocrx_word' id='word_1_5' title='bbox 277 926 377 1008; x_wconf 88' lang='lat' dir='ltr'>igitur</span> <span class='ocrx_word' id='word_1_6' title='bbox 391 925 482 990; x_wconf 91' lang='lat' dir='ltr'>nobis</span> <span class='ocrx_word' id='word_1_7' title='bbox 496 925 677 1008; x_wconf 86' lang='lat' dir='ltr'>propositus</span> <span class='ocrx_word' id='word_1_8' title='bbox 694 927 823 987; x_wconf 89' lang='lat' dir='ltr'>sanctus</span> <span class='ocrx_word' id='word_1_9' title='bbox 838 923 953 1005; x_wconf 90' lang='lat' dir='ltr'>Ioseph</span> <span class='ocrx_word' id='word_1_10' title='bbox 967 926 1130 1006; x_wconf 81' lang='lat' dir='ltr'><strong>tamquam</strong></span> <span class='ocrx_word' id='word_1_11' title='bbox 1146 925 1312 1007; x_wconf 90' lang='lat' dir='ltr'>speculum</span> 
     </span>
     <span class='ocr_line' id='line_1_3' title="bbox 169 1030 1312 1113; baseline 0 -17"><span class='ocrx_word' id='word_1_12' title='bbox 169 1032 338 1097; x_wconf 89' lang='lat' dir='ltr'>castitatis.</span> <span class='ocrx_word' id='word_1_13' title='bbox 368 1033 399 1096; x_wconf 89' lang='lat' dir='ltr'>iu</span> <span class='ocrx_word' id='word_1_14' title='bbox 429 1033 498 1096; x_wconf 91' lang='lat' dir='ltr'>eius</span> <span class='ocrx_word' id='word_1_15' title='bbox 527 1031 610 1096; x_wconf 90' lang='lat' dir='ltr'>euim</span> <span class='ocrx_word' id='word_1_16' title='bbox 638 1030 791 1105; x_wconf 89' lang='lat' dir='ltr'>moribus,</span> <span class='ocrx_word' id='word_1_17' title='bbox 815 1030 847 1092; x_wconf 92' lang='lat' dir='ltr'>iu</span> <span class='ocrx_word' id='word_1_18' title='bbox 872 1030 940 1094; x_wconf 90' lang='lat' dir='ltr'>eius</span> <span class='ocrx_word' id='word_1_19' title='bbox 965 1031 1089 1094; x_wconf 88' lang='lat' dir='ltr'>actibus</span> <span class='ocrx_word' id='word_1_20' title='bbox 1114 1032 1200 1096; x_wconf 92' lang='lat' dir='ltr'>lucet</span> <span class='ocrx_word' id='word_1_21' title='bbox 1223 1032 1312 1113; x_wconf 92' lang='lat' dir='ltr'>pudi-</span> 
     </span>
     <span class='ocr_line' id='line_1_4' title="bbox 169 1138 1312 1223; baseline 0.001 -19"><span class='ocrx_word' id='word_1_22' title='bbox 169 1140 245 1204; x_wconf 89' lang='lat' dir='ltr'>citia</span> <span class='ocrx_word' id='word_1_23' title='bbox 276 1143 309 1205; x_wconf 93' lang='lat' dir='ltr'>et</span> <span class='ocrx_word' id='word_1_24' title='bbox 341 1139 468 1223; x_wconf 89' lang='lat' dir='ltr'>quidam</span> <span class='ocrx_word' id='word_1_25' title='bbox 504 1139 650 1222; x_wconf 80' lang='lat' dir='ltr'>splendet</span> <span class='ocrx_word' id='word_1_26' title='bbox 682 1138 887 1203; x_wconf 81' lang='lat' dir='ltr'>castimoniae</span> <span class='ocrx_word' id='word_1_27' title='bbox 921 1155 1026 1202; x_wconf 89' lang='lat' dir='ltr'>comes</span> <span class='ocrx_word' id='word_1_28' title='bbox 1060 1138 1143 1203; x_wconf 90' lang='lat' dir='ltr'>nitor</span> <span class='ocrx_word' id='word_1_29' title='bbox 1182 1139 1312 1222; x_wconf 87' lang='lat' dir='ltr'>gratiae.</span> 
     </span>
     <span class='ocr_line' id='line_1_5' title="bbox 168 1245 1311 1330; baseline 0.003 -20"><span class='ocrx_word' id='word_1_30' title='bbox 168 1246 252 1311; x_wconf 92' lang='lat' dir='ltr'>unde</span> <span class='ocrx_word' id='word_1_31' title='bbox 281 1247 376 1311; x_wconf 89' lang='lat' dir='ltr'>etiam</span> <span class='ocrx_word' id='word_1_32' title='bbox 405 1266 423 1310; x_wconf 90' lang='lat' dir='ltr'>a</span> <span class='ocrx_word' id='word_1_33' title='bbox 451 1247 633 1330; x_wconf 90' lang='lat' dir='ltr'>parentibus</span> <span class='ocrx_word' id='word_1_34' title='bbox 662 1245 736 1327; x_wconf 89' lang='lat' dir='ltr'>plus</span> <span class='ocrx_word' id='word_1_35' title='bbox 765 1264 860 1327; x_wconf 86' lang='lat' dir='ltr'>quarn</span> <span class='ocrx_word' id='word_1_36' title='bbox 889 1245 985 1309; x_wconf 87' lang='lat' dir='ltr'>ceteri</span> <span class='ocrx_word' id='word_1_37' title='bbox 1018 1245 1075 1308; x_wconf 86' lang='lat' dir='ltr'>filii</span> <span class='ocrx_word' id='word_1_38' title='bbox 1108 1245 1311 1330; x_wconf 77' lang='lat' dir='ltr'>diligebatur.</span> 
     </span>
     <span class='ocr_line' id='line_1_6' title="bbox 169 1351 1340 1434; baseline -0.002 -18"><span class='ocrx_word' id='word_1_39' title='bbox 169 1351 224 1416; x_wconf 93' lang='lat' dir='ltr'>sed</span> <span class='ocrx_word' id='word_1_40' title='bbox 257 1373 293 1417; x_wconf 92' lang='lat' dir='ltr'>ea</span> <span class='ocrx_word' id='word_1_41' title='bbox 325 1372 375 1418; x_wconf 91' lang='lat' dir='ltr'>res</span> <span class='ocrx_word' id='word_1_42' title='bbox 407 1353 546 1417; x_wconf 90' lang='lat' dir='ltr'>inuidiae</span> <span class='ocrx_word' id='word_1_43' title='bbox 578 1353 650 1429; x_wconf 87' lang='lat' dir='ltr'>fuit,</span> <span class='ocrx_word' id='word_1_44' title='bbox 683 1351 768 1434; x_wconf 89' lang='lat' dir='ltr'>quod</span> <span class='ocrx_word' id='word_1_45' title='bbox 801 1351 925 1416; x_wconf 90' lang='lat' dir='ltr'>silentio</span> <span class='ocrx_word' id='word_1_46' title='bbox 958 1351 1221 1433; x_wconf 89' lang='lat' dir='ltr'>praetereundum</span> <span class='ocrx_word' id='word_1_47' title='bbox 1251 1373 1340 1420; x_wconf 79' lang='lat' dir='ltr'>none</span> 
     </span>
    </p>

    <p class='ocr_par' dir='ltr' id='par_1_3' title="bbox 122 1458 1352 2505">
     <span class='ocr_line' id='line_1_7' title="bbox 122 1458 1312 1544; baseline 0.001 -20"><span class='ocrx_word' id='word_1_48' title='bbox 122 1463 143 1524; x_wconf 85' lang='lat'><strong>3</strong></span> <span class='ocrx_word' id='word_1_49' title='bbox 168 1459 239 1522; x_wconf 86' lang='lat' dir='ltr'>fuit.</span> <span class='ocrx_word' id='word_1_50' title='bbox 268 1460 341 1524; x_wconf 89' lang='lat' dir='ltr'>hinc</span> <span class='ocrx_word' id='word_1_51' title='bbox 371 1479 444 1544; x_wconf 92' lang='lat' dir='ltr'>ergo</span> <span class='ocrx_word' id='word_1_52' title='bbox 474 1463 697 1544; x_wconf 83' lang='lat' dir='ltr'>argumentum</span> <span class='ocrx_word' id='word_1_53' title='bbox 724 1458 825 1524; x_wconf 91' lang='lat' dir='ltr'>totius</span> <span class='ocrx_word' id='word_1_54' title='bbox 850 1459 1000 1522; x_wconf 86' lang='lat' dir='ltr'>historiae</span> <span class='ocrx_word' id='word_1_55' title='bbox 1024 1460 1190 1540; x_wconf 88' lang='lat' dir='ltr'>processit,</span> <span class='ocrx_word' id='word_1_56' title='bbox 1216 1461 1312 1525; x_wconf 90' lang='lat' dir='ltr'>simul</span> 
     </span>
     <span class='ocr_line' id='line_1_8' title="bbox 169 1565 1310 1650; baseline 0.002 -21"><span class='ocrx_word' id='word_1_57' title='bbox 169 1571 206 1629; x_wconf 91' lang='lat' dir='ltr'>nt</span> <span class='ocrx_word' id='word_1_58' title='bbox 245 1585 477 1650; x_wconf 76' lang='lat' dir='ltr'>cognoscamus</span> <span class='ocrx_word' id='word_1_59' title='bbox 520 1566 695 1648; x_wconf 85' lang='lat' dir='ltr'>perfectum</span> <span class='ocrx_word' id='word_1_60' title='bbox 739 1565 843 1629; x_wconf 89' lang='lat' dir='ltr'>uirum</span> <span class='ocrx_word' id='word_1_61' title='bbox 881 1583 941 1630; x_wconf 92' lang='lat' dir='ltr'>non</span> <span class='ocrx_word' id='word_1_62' title='bbox 979 1565 1101 1630; x_wconf 90' lang='lat' dir='ltr'>moueri</span> <span class='ocrx_word' id='word_1_63' title='bbox 1137 1566 1310 1631; x_wconf 89' lang='lat' dir='ltr'>ulciscendi</span> 
     </span>
     <span class='ocr_line' id='line_1_9' title="bbox 168 1671 1313 1755; baseline 0.003 -19"><span class='ocrx_word' id='word_1_64' title='bbox 168 1673 286 1737; x_wconf 91' lang='lat' dir='ltr'>doloris</span> <span class='ocrx_word' id='word_1_65' title='bbox 314 1673 430 1736; x_wconf 87' lang='lat' dir='ltr'>iniuria</span> <span class='ocrx_word' id='word_1_66' title='bbox 453 1692 509 1738; x_wconf 88' lang='lat' dir='ltr'>nec</span> <span class='ocrx_word' id='word_1_67' title='bbox 534 1675 689 1738; x_wconf 88' lang='lat' dir='ltr'>malorum</span> <span class='ocrx_word' id='word_1_68' title='bbox 713 1672 883 1755; x_wconf 90' lang='lat' dir='ltr'>rependere</span> <span class='ocrx_word' id='word_1_69' title='bbox 906 1673 1019 1738; x_wconf 89' lang='lat' dir='ltr'>uicem.</span> <span class='ocrx_word' id='word_1_70' title='bbox 1043 1671 1127 1737; x_wconf 90' lang='lat' dir='ltr'>uude</span> <span class='ocrx_word' id='word_1_71' title='bbox 1152 1676 1184 1737; x_wconf 93' lang='lat' dir='ltr'>et</span> <span class='ocrx_word' id='word_1_72' title='bbox 1207 1673 1313 1739; x_wconf 90' lang='lat' dir='ltr'>Dauid</span> 
     </span>
     <span class='ocr_line' id='line_1_10' title="bbox 168 1778 1313 1862; baseline 0.003 -20"><span class='ocrx_word' id='word_1_73' title='bbox 168 1779 231 1842; x_wconf 92' lang='lat' dir='ltr'>ait:</span> <span class='ocrx_word' id='word_1_74' title='bbox 256 1778 290 1844; x_wconf 93' lang='lat' dir='ltr'>si</span> <span class='ocrx_word' id='word_1_75' title='bbox 314 1778 476 1844; x_wconf 91' lang='lat' dir='ltr'>reddidi</span> <span class='ocrx_word' id='word_1_76' title='bbox 499 1779 836 1844; x_wconf 84' lang='lat' dir='ltr'>retribuentibus</span> <span class='ocrx_word' id='word_1_77' title='bbox 856 1779 955 1842; x_wconf 94' lang='lat' dir='ltr'>mihi</span> <span class='ocrx_word' id='word_1_78' title='bbox 974 1780 1087 1844; x_wconf 88' lang='lat' dir='ltr'>mala.</span> <span class='ocrx_word' id='word_1_79' title='bbox 1108 1779 1184 1862; x_wconf 87' lang='lat' dir='ltr'>quid</span> <span class='ocrx_word' id='word_1_80' title='bbox 1205 1786 1313 1846; x_wconf 88' lang='lat' dir='ltr'>autem</span> 
     </span>
     <span class='ocr_line' id='line_1_11' title="bbox 168 1886 1352 1970; baseline -0.001 -22"><span class='ocrx_word' id='word_1_81' title='bbox 168 1888 254 1950; x_wconf 88' lang='lat' dir='ltr'>esset</span> <span class='ocrx_word' id='word_1_82' title='bbox 277 1904 339 1967; x_wconf 89' lang='lat' dir='ltr'>quo</span> <span class='ocrx_word' id='word_1_83' title='bbox 363 1886 512 1968; x_wconf 84' lang='lat' dir='ltr'>praeferri</span> <span class='ocrx_word' id='word_1_84' title='bbox 536 1886 651 1970; x_wconf 90' lang='lat' dir='ltr'>loseph</span> <span class='ocrx_word' id='word_1_85' title='bbox 674 1889 847 1950; x_wconf 91' lang='lat' dir='ltr'>mereretur</span> <span class='ocrx_word' id='word_1_86' title='bbox 870 1886 995 1963; x_wconf 85' lang='lat' dir='ltr'>ceteris,</span> <span class='ocrx_word' id='word_1_87' title='bbox 1021 1886 1048 1950; x_wconf 92' lang='lat' dir='ltr'>si</span> <span class='ocrx_word' id='word_1_88' title='bbox 1072 1889 1128 1950; x_wconf 91' lang='lat' dir='ltr'>aut</span> <span class='ocrx_word' id='word_1_89' title='bbox 1149 1886 1312 1953; x_wconf 89' lang='lat' dir='ltr'>laedentes</span> <span class='ocrx_word' id='word_1_90' title='bbox 1332 1908 1352 1948; x_wconf 85' lang='lat' dir='ltr'>n</span> 
     </span>
     <span class='ocr_line' id='line_1_12' title="bbox 166 1990 1311 2076; baseline 0.003 -24"><span class='ocrx_word' id='word_1_91' title='bbox 166 1990 314 2057; x_wconf 86' lang='lat' dir='ltr'>laesisset</span> <span class='ocrx_word' id='word_1_92' title='bbox 337 1996 394 2056; x_wconf 90' lang='lat' dir='ltr'>aut</span> <span class='ocrx_word' id='word_1_93' title='bbox 417 1992 585 2076; x_wconf 88' lang='lat' dir='ltr'>diligentes</span> <span class='ocrx_word' id='word_1_94' title='bbox 611 1992 799 2058; x_wconf 77' lang='lat' dir='ltr'>dilexisset?</span> <span class='ocrx_word' id='word_1_95' title='bbox 823 1993 882 2058; x_wconf 90' lang='lat' dir='ltr'>boc</span> <span class='ocrx_word' id='word_1_96' title='bbox 906 1992 989 2057; x_wconf 86' lang='lat' dir='ltr'>enirn</span> <span class='ocrx_word' id='word_1_97' title='bbox 1013 1992 1155 2076; x_wconf 87' lang='lat' dir='ltr'>plerique</span> <span class='ocrx_word' id='word_1_98' title='bbox 1178 1992 1311 2058; x_wconf 85' lang='lat' dir='ltr'>faciunt.</span> 
     </span>
     <span class='ocr_line' id='line_1_13' title="bbox 168 2097 1314 2183; baseline 0.003 -23"><span class='ocrx_word' id='word_1_99' title='bbox 168 2097 223 2162; x_wconf 92' lang='lat' dir='ltr'>sed</span> <span class='ocrx_word' id='word_1_100' title='bbox 250 2097 331 2164; x_wconf 92' lang='lat' dir='ltr'>illud</span> <span class='ocrx_word' id='word_1_101' title='bbox 360 2099 515 2177; x_wconf 91' lang='lat' dir='ltr'>mirabile,</span> <span class='ocrx_word' id='word_1_102' title='bbox 545 2100 572 2164; x_wconf 89' lang='lat' dir='ltr'>si</span> <span class='ocrx_word' id='word_1_103' title='bbox 600 2100 715 2183; x_wconf 89' lang='lat' dir='ltr'>diligas</span> <span class='ocrx_word' id='word_1_104' title='bbox 743 2099 908 2164; x_wconf 92' lang='lat' dir='ltr'>inimicum</span> <span class='ocrx_word' id='word_1_105' title='bbox 935 2103 1038 2173; x_wconf 89' lang='lat' dir='ltr'>tuum,</span> <span class='ocrx_word' id='word_1_106' title='bbox 1063 2098 1148 2181; x_wconf 87' lang='lat' dir='ltr'>quod</span> <span class='ocrx_word' id='word_1_107' title='bbox 1171 2101 1314 2165; x_wconf 88' lang='lat' dir='ltr'>saluatur</span> 
     </span>
     <span class='ocr_line' id='line_1_14' title="bbox 167 2203 1313 2290; baseline 0.003 -23"><span class='ocrx_word' id='word_1_108' title='bbox 167 2203 269 2268; x_wconf 90' lang='lat' dir='ltr'>docet.</span> <span class='ocrx_word' id='word_1_109' title='bbox 293 2205 361 2270; x_wconf 92' lang='lat' dir='ltr'>iure</span> <span class='ocrx_word' id='word_1_110' title='bbox 386 2224 460 2290; x_wconf 89' lang='lat' dir='ltr'>ergo</span> <span class='ocrx_word' id='word_1_111' title='bbox 484 2206 647 2271; x_wconf 90' lang='lat' dir='ltr'>mirandus</span> <span class='ocrx_word' id='word_1_112' title='bbox 672 2207 726 2289; x_wconf 90' lang='lat' dir='ltr'>qui</span> <span class='ocrx_word' id='word_1_113' title='bbox 751 2207 810 2272; x_wconf 89' lang='lat' dir='ltr'>boc</span> <span class='ocrx_word' id='word_1_114' title='bbox 834 2206 911 2270; x_wconf 83' lang='lat' dir='ltr'>fecit</span> <span class='ocrx_word' id='word_1_115' title='bbox 935 2210 1006 2270; x_wconf 91' lang='lat' dir='ltr'>ante</span> <span class='ocrx_word' id='word_1_116' title='bbox 1032 2207 1246 2290; x_wconf 91' lang='lat' dir='ltr'>euangelium,</span> <span class='ocrx_word' id='word_1_117' title='bbox 1275 2210 1313 2271; x_wconf 91' lang='lat' dir='ltr'>ut</span> 
     </span>
     <span class='ocr_line' id='line_1_15' title="bbox 166 2310 1313 2398; baseline 0.005 -25"><span class='ocrx_word' id='word_1_118' title='bbox 166 2310 273 2375; x_wconf 91' lang='lat' dir='ltr'>laesus</span> <span class='ocrx_word' id='word_1_119' title='bbox 306 2315 459 2394; x_wconf 84' lang='lat' dir='ltr'>parceret,</span> <span class='ocrx_word' id='word_1_120' title='bbox 492 2313 653 2395; x_wconf 90' lang='lat' dir='ltr'>adpetitus</span> <span class='ocrx_word' id='word_1_121' title='bbox 686 2315 875 2398; x_wconf 85' lang='lat' dir='ltr'>ignosceret,</span> <span class='ocrx_word' id='word_1_122' title='bbox 909 2313 1059 2377; x_wconf 84' lang='lat' dir='ltr'>uenditus</span> <span class='ocrx_word' id='word_1_123' title='bbox 1092 2332 1152 2377; x_wconf 91' lang='lat' dir='ltr'>uon</span> <span class='ocrx_word' id='word_1_124' title='bbox 1181 2313 1313 2379; x_wconf 80' lang='lat' dir='ltr'>referret</span> 
     </span>
     <span class='ocr_line' id='line_1_16' title="bbox 166 2416 1352 2505; baseline 0.003 -26"><span class='ocrx_word' id='word_1_125' title='bbox 166 2416 324 2494; x_wconf 83' lang='lat' dir='ltr'>iniuriam,</span> <span class='ocrx_word' id='word_1_126' title='bbox 358 2419 414 2484; x_wconf 89' lang='lat' dir='ltr'>sed</span> <span class='ocrx_word' id='word_1_127' title='bbox 448 2421 580 2504; x_wconf 88' lang='lat' dir='ltr'>gratiam</span> <span class='ocrx_word' id='word_1_128' title='bbox 615 2440 670 2502; x_wconf 87' lang='lat' dir='ltr'>pro</span> <span class='ocrx_word' id='word_1_129' title='bbox 705 2420 898 2485; x_wconf 88' lang='lat' dir='ltr'>contumelia</span> <span class='ocrx_word' id='word_1_130' title='bbox 930 2420 1080 2496; x_wconf 89' lang='lat' dir='ltr'>solueret,</span> <span class='ocrx_word' id='word_1_131' title='bbox 1114 2419 1197 2502; x_wconf 87' lang='lat' dir='ltr'>quod</span> <span class='ocrx_word' id='word_1_132' title='bbox 1236 2424 1311 2505; x_wconf 91' lang='lat' dir='ltr'>post</span> <span class='ocrx_word' id='word_1_133' title='bbox 1333 2444 1352 2483; x_wconf 80' lang='lat' dir='ltr'>a</span> 
     </span>
    </p>

    <p class='ocr_par' dir='ltr' id='par_1_4' title="bbox 121 2523 1352 3137">
     <span class='ocr_line' id='line_1_17' title="bbox 121 2523 1311 2608; baseline 0.005 -23"><span class='ocrx_word' id='word_1_134' title='bbox 121 2523 142 2584; x_wconf 85' lang='grc'>4</span> <span class='ocrx_word' id='word_1_135' title='bbox 166 2524 368 2607; x_wconf 89' lang='lat' dir='ltr'>euangelium</span> <span class='ocrx_word' id='word_1_136' title='bbox 389 2545 499 2590; x_wconf 90' lang='lat' dir='ltr'>omnes</span> <span class='ocrx_word' id='word_1_137' title='bbox 518 2526 687 2590; x_wconf 89' lang='lat' dir='ltr'>didicimus</span> <span class='ocrx_word' id='word_1_138' title='bbox 712 2529 744 2590; x_wconf 90' lang='lat' dir='ltr'>et</span> <span class='ocrx_word' id='word_1_139' title='bbox 767 2544 894 2590; x_wconf 89' lang='lat' dir='ltr'>seruare</span> <span class='ocrx_word' id='word_1_140' title='bbox 917 2544 976 2589; x_wconf 90' lang='lat' dir='ltr'>non</span> <span class='ocrx_word' id='word_1_141' title='bbox 1000 2543 1184 2608; x_wconf 80' lang='lat' dir='ltr'>possumne.</span> <span class='ocrx_word' id='word_1_142' title='bbox 1209 2525 1311 2591; x_wconf 91' lang='lat' dir='ltr'>disca-</span> 
     </span>
     <span class='ocr_line' id='line_1_18' title="bbox 165 2631 1312 2715; baseline 0.005 -23"><span class='ocrx_word' id='word_1_143' title='bbox 165 2648 238 2693; x_wconf 88' lang='lat' dir='ltr'>mus</span> <span class='ocrx_word' id='word_1_144' title='bbox 262 2649 336 2715; x_wconf 89' lang='lat' dir='ltr'>ergo</span> <span class='ocrx_word' id='word_1_145' title='bbox 361 2634 394 2695; x_wconf 91' lang='lat' dir='ltr'>et</span> <span class='ocrx_word' id='word_1_146' title='bbox 417 2635 596 2697; x_wconf 88' lang='lat' dir='ltr'>sanctorum</span> <span class='ocrx_word' id='word_1_147' title='bbox 620 2632 785 2709; x_wconf 89' lang='lat' dir='ltr'>inuidiam,</span> <span class='ocrx_word' id='word_1_148' title='bbox 810 2634 847 2695; x_wconf 90' lang='lat' dir='ltr'>ut</span> <span class='ocrx_word' id='word_1_149' title='bbox 870 2631 1033 2696; x_wconf 88' lang='lat' dir='ltr'>imitemur</span> <span class='ocrx_word' id='word_1_150' title='bbox 1053 2632 1250 2714; x_wconf 90' lang='lat' dir='ltr'>patientiam,</span> <span class='ocrx_word' id='word_1_151' title='bbox 1280 2637 1312 2698; x_wconf 92' lang='lat' dir='ltr'>et</span> 
     </span>
     <span class='ocr_line' id='line_1_19' title="bbox 167 2737 1311 2820; baseline 0.007 -22"><span class='ocrx_word' id='word_1_152' title='bbox 167 2753 395 2819; x_wconf 89' lang='lat' dir='ltr'>cognoscamus</span> <span class='ocrx_word' id='word_1_153' title='bbox 432 2738 506 2802; x_wconf 90' lang='lat' dir='ltr'>illos</span> <span class='ocrx_word' id='word_1_154' title='bbox 547 2758 607 2804; x_wconf 90' lang='lat' dir='ltr'>uon</span> <span class='ocrx_word' id='word_1_155' title='bbox 649 2742 778 2802; x_wconf 90' lang='lat' dir='ltr'>naturae</span> <span class='ocrx_word' id='word_1_156' title='bbox 820 2737 1059 2820; x_wconf 87' lang='lat' dir='ltr'>praestantioris</span> <span class='ocrx_word' id='word_1_157' title='bbox 1099 2737 1209 2812; x_wconf 85' lang='lat' dir='ltr'>fuisse,</span> <span class='ocrx_word' id='word_1_158' title='bbox 1254 2740 1311 2805; x_wconf 90' lang='lat' dir='ltr'>sed</span> 
     </span>
     <span class='ocr_line' id='line_1_20' title="bbox 167 2841 1312 2926; baseline 0.006 -21"><span class='ocrx_word' id='word_1_159' title='bbox 167 2841 397 2910; x_wconf 88' lang='lat' dir='ltr'>obseruatiouis</span> <span class='ocrx_word' id='word_1_160' title='bbox 417 2864 474 2908; x_wconf 91' lang='lat' dir='ltr'>nec</span> <span class='ocrx_word' id='word_1_161' title='bbox 493 2845 572 2909; x_wconf 86' lang='lat' dir='ltr'>uitia</span> <span class='ocrx_word' id='word_1_162' title='bbox 591 2845 741 2921; x_wconf 89' lang='lat' dir='ltr'>nescisse,</span> <span class='ocrx_word' id='word_1_163' title='bbox 762 2845 817 2909; x_wconf 88' lang='lat' dir='ltr'>sed</span> <span class='ocrx_word' id='word_1_164' title='bbox 837 2844 1031 2909; x_wconf 89' lang='lat' dir='ltr'>emendasse.</span> <span class='ocrx_word' id='word_1_165' title='bbox 1052 2845 1166 2926; x_wconf 89' lang='lat' dir='ltr'>quodsi</span> <span class='ocrx_word' id='word_1_166' title='bbox 1190 2846 1312 2912; x_wconf 90' lang='lat' dir='ltr'>inuidia</span> 
     </span>
     <span class='ocr_line' id='line_1_21' title="bbox 167 2950 1352 3036; baseline 0.007 -24"><span class='ocrx_word' id='word_1_167' title='bbox 167 2950 262 3013; x_wconf 90' lang='lat' dir='ltr'>etiam</span> <span class='ocrx_word' id='word_1_168' title='bbox 286 2954 413 3015; x_wconf 91' lang='lat' dir='ltr'>sanctos</span> <span class='ocrx_word' id='word_1_169' title='bbox 437 2952 569 3030; x_wconf 85' lang='lat' dir='ltr'>adussit,</span> <span class='ocrx_word' id='word_1_170' title='bbox 595 2956 711 3034; x_wconf 89' lang='lat' dir='ltr'>quanto</span> <span class='ocrx_word' id='word_1_171' title='bbox 735 2952 839 3036; x_wconf 88' lang='lat' dir='ltr'>magis</span> <span class='ocrx_word' id='word_1_172' title='bbox 864 2952 1038 3016; x_wconf 90' lang='lat' dir='ltr'>cauendum</span> <span class='ocrx_word' id='word_1_173' title='bbox 1063 2956 1113 3016; x_wconf 91' lang='lat' dir='ltr'>est</span> <span class='ocrx_word' id='word_1_174' title='bbox 1131 2971 1169 3016; x_wconf 92' lang='lat' dir='ltr'>ne</span> <span class='ocrx_word' id='word_1_175' title='bbox 1187 2952 1310 3017; x_wconf 88' lang='lat' dir='ltr'>inflam-</span> <span class='ocrx_word' id='word_1_176' title='bbox 1329 2979 1352 3020; x_wconf 82' lang='lat' dir='ltr'>sc</span> 
     </span>
     <span class='ocr_line' id='line_1_22' title="bbox 165 3059 462 3137; baseline 0.013 -18"><span class='ocrx_word' id='word_1_177' title='bbox 165 3059 231 3120; x_wconf 90' lang='lat' dir='ltr'>met</span> <span class='ocrx_word' id='word_1_178' title='bbox 253 3061 462 3137; x_wconf 81' lang='lat' dir='ltr'>peccatores?</span> 
     </span>
    </p>

    <p class='ocr_par' dir='ltr' id='par_1_5' title="bbox 75 3159 1352 3570">
     <span class='ocr_line' id='line_1_23' title="bbox 75 3159 1308 3250; baseline 0.006 -26"><span class='ocrx_word' id='word_1_179' title='bbox 75 3159 140 3240; x_wconf 79' lang='grc'>2,5</span> <span class='ocrx_word' id='word_1_180' title='bbox 210 3163 399 3228; x_wconf 89' lang='lat' dir='ltr'>Instruimur</span> <span class='ocrx_word' id='word_1_181' title='bbox 432 3166 532 3250; x_wconf 89' lang='lat' dir='ltr'>igitur</span> <span class='ocrx_word' id='word_1_182' title='bbox 570 3167 672 3248; x_wconf 88' lang='lat' dir='ltr'>qualis</span> <span class='ocrx_word' id='word_1_183' title='bbox 712 3185 781 3231; x_wconf 89' lang='lat' dir='ltr'>esse</span> <span class='ocrx_word' id='word_1_184' title='bbox 820 3166 932 3230; x_wconf 87' lang='lat' dir='ltr'>debeat</span> <span class='ocrx_word' id='word_1_185' title='bbox 969 3166 1100 3230; x_wconf 84' lang='lat' dir='ltr'>allectus</span> <span class='ocrx_word' id='word_1_186' title='bbox 1142 3170 1308 3246; x_wconf 89' lang='lat' dir='ltr'>parentum</span> 
     </span>
     <span class='ocr_line' id='line_1_24' title="bbox 166 3269 1310 3355; baseline 0.005 -23"><span class='ocrx_word' id='word_1_187' title='bbox 166 3269 366 3354; x_wconf 88' lang='lat' dir='ltr'>liliorumque</span> <span class='ocrx_word' id='word_1_188' title='bbox 395 3273 506 3354; x_wconf 87' lang='lat' dir='ltr'>gratia.</span> <span class='ocrx_word' id='word_1_189' title='bbox 535 3292 639 3337; x_wconf 89' lang='lat' dir='ltr'>amare</span> <span class='ocrx_word' id='word_1_190' title='bbox 670 3274 787 3338; x_wconf 89' lang='lat' dir='ltr'>liberos</span> <span class='ocrx_word' id='word_1_191' title='bbox 821 3272 912 3337; x_wconf 91' lang='lat' dir='ltr'>dulce</span> <span class='ocrx_word' id='word_1_192' title='bbox 945 3276 977 3337; x_wconf 90' lang='lat' dir='ltr'>et</span> <span class='ocrx_word' id='word_1_193' title='bbox 1009 3271 1171 3355; x_wconf 91' lang='lat' dir='ltr'>inpensius</span> <span class='ocrx_word' id='word_1_194' title='bbox 1204 3290 1310 3339; x_wconf 89' lang='lat' dir='ltr'>amare</span> 
     </span>
     <span class='ocr_line' id='line_1_25' title="bbox 165 3376 1308 3463; baseline 0.006 -25"><span class='ocrx_word' id='word_1_195' title='bbox 165 3376 344 3456; x_wconf 85' lang='lat' dir='ltr'>praedulce,</span> <span class='ocrx_word' id='word_1_196' title='bbox 363 3378 417 3442; x_wconf 88' lang='lat' dir='ltr'>sed</span> <span class='ocrx_word' id='word_1_197' title='bbox 437 3378 616 3461; x_wconf 88' lang='lat' dir='ltr'>frequenter</span> <span class='ocrx_word' id='word_1_198' title='bbox 634 3398 723 3444; x_wconf 88' lang='lat' dir='ltr'>arnor</span> <span class='ocrx_word' id='word_1_199' title='bbox 740 3379 808 3463; x_wconf 92' lang='lat' dir='ltr'>ipsc</span> <span class='ocrx_word' id='word_1_200' title='bbox 827 3379 960 3463; x_wconf 85' lang='lat' dir='ltr'>patrius,</span> <span class='ocrx_word' id='word_1_201' title='bbox 980 3379 1041 3443; x_wconf 89' lang='lat' dir='ltr'>uisi</span> <span class='ocrx_word' id='word_1_202' title='bbox 1060 3377 1308 3445; x_wconf 86' lang='lat' dir='ltr'>moderationem</span> 
     </span>
     <span class='ocr_line' id='line_1_26' title="bbox 165 3485 1352 3570; baseline 0.003 -25"><span class='ocrx_word' id='word_1_203' title='bbox 165 3485 281 3561; x_wconf 88' lang='lat' dir='ltr'>teneat,</span> <span class='ocrx_word' id='word_1_204' title='bbox 297 3488 390 3548; x_wconf 92' lang='lat' dir='ltr'>nocet</span> <span class='ocrx_word' id='word_1_205' title='bbox 402 3486 522 3563; x_wconf 85' lang='lat' dir='ltr'>liberie,</span> <span class='ocrx_word' id='word_1_206' title='bbox 543 3486 571 3549; x_wconf 89' lang='lat' dir='ltr'>si</span> <span class='ocrx_word' id='word_1_207' title='bbox 591 3495 646 3550; x_wconf 89' lang='lat' dir='ltr'>aut</span> <span class='ocrx_word' id='word_1_208' title='bbox 665 3487 761 3550; x_wconf 91' lang='lat' dir='ltr'>nimia</span> <span class='ocrx_word' id='word_1_209' title='bbox 780 3486 976 3570; x_wconf 89' lang='lat' dir='ltr'>indulgentia</span> <span class='ocrx_word' id='word_1_210' title='bbox 995 3486 1148 3550; x_wconf 92' lang='lat' dir='ltr'>dilectum</span> <span class='ocrx_word' id='word_1_211' title='bbox 1166 3487 1310 3552; x_wconf 90' lang='lat' dir='ltr'>resoluat</span> <span class='ocrx_word' id='word_1_212' title='bbox 1327 3509 1352 3550; x_wconf 74' lang='lat' dir='ltr'>aa</span> 
     </span>
    </p>
   </div>
   <div class='ocr_carea' id='block_1_3' title="bbox 203 3692 1310 3887">
    <p class='ocr_par' dir='ltr' id='par_1_6' title="bbox 203 3692 1310 3887">
     <span class='ocr_line' id='line_1_27' title="bbox 255 3692 802 3757; baseline 0.005 -12"><span class='ocrx_word' id='word_1_213' title='bbox 255 3693 271 3745; x_wconf 89' lang='grc'>9</span> <span class='ocrx_word' id='word_1_214' title='bbox 291 3692 389 3746; x_wconf 87' lang='lat' dir='ltr'>Psalnr.</span> <span class='ocrx_word' id='word_1_215' title='bbox 410 3693 461 3745; x_wconf 78' lang='lat' dir='ltr'>Vll</span> <span class='ocrx_word' id='word_1_216' title='bbox 481 3696 496 3747; x_wconf 84' lang='lat'>5</span> <span class='ocrx_word' id='word_1_217' title='bbox 554 3695 587 3748; x_wconf 84' lang='lat'>12</span> <span class='ocrx_word' id='word_1_218' title='bbox 606 3694 703 3748; x_wconf 84' lang='lat' dir='ltr'>blattb.</span> <span class='ocrx_word' id='word_1_219' title='bbox 724 3697 747 3757; x_wconf 80' lang='lat'>5,</span> <span class='ocrx_word' id='word_1_220' title='bbox 767 3697 802 3748; x_wconf 79' lang='lat'>44</span> 
     </span>
     <span class='ocr_line' id='line_1_28' title="bbox 203 3815 1310 3887; baseline 0.003 -19"><span class='ocrx_word' id='word_1_221' title='bbox 203 3815 310 3884; x_wconf 90' lang='lat' dir='ltr'>liosep</span> <span class='ocrx_word' id='word_1_222' title='bbox 330 3815 357 3868; x_wconf 91' lang='lat' dir='ltr'><em>B</em></span> <span class='ocrx_word' id='word_1_223' title='bbox 375 3817 476 3887; x_wconf 84' lang='lat' dir='ltr'>(saepe)</span> <span class='ocrx_word' id='word_1_224' title='bbox 515 3817 697 3886; x_wconf 82' lang='lat' dir='ltr'>2pudicitiae</span> <span class='ocrx_word' id='word_1_225' title='bbox 716 3818 772 3871; x_wconf 83' lang='grc' dir='ltr'>ΡΙ)</span> <span class='ocrx_word' id='word_1_226' title='bbox 807 3819 893 3872; x_wconf 71' lang='lat' dir='ltr'>sulii</span> <span class='ocrx_word' id='word_1_227' title='bbox 911 3821 938 3872; x_wconf 93' lang='lat' dir='ltr'><em>P</em></span> <span class='ocrx_word' id='word_1_228' title='bbox 956 3821 975 3883; x_wconf 89' lang='lat' dir='ltr'>(i</span> <span class='ocrx_word' id='word_1_229' title='bbox 996 3825 1055 3874; x_wconf 85' lang='lat' dir='ltr'>tert.</span> <span class='ocrx_word' id='word_1_230' title='bbox 1074 3821 1149 3883; x_wconf 59' lang='lat' dir='ltr'>cul</span> <span class='ocrx_word' id='word_1_231' title='bbox 1192 3818 1310 3871; x_wconf 77' lang='lat' dir='ltr'>bsetP</span> 
     </span>
    </p>
   </div>
   <div class='ocr_carea' id='block_1_4' title="bbox 157 3900 1307 4532">
    <p class='ocr_par' dir='ltr' id='par_1_7' title="bbox 157 3900 1307 4532">
     <span class='ocr_line' id='line_1_29' title="bbox 166 3900 1307 4004; baseline 0.005 -22"><span class='ocrx_word' id='word_1_232' title='bbox 166 3934 224 3991; x_wconf 66' lang='lat' dir='ltr'>ten?</span> <span class='ocrx_word' id='word_1_233' title='bbox 243 3930 301 3998; x_wconf 89' lang='lat' dir='ltr'>sed)</span> <span class='ocrx_word' id='word_1_234' title='bbox 375 3900 597 4001; x_wconf 65' lang='lat' dir='ltr'>praetereundem</span> <span class='ocrx_word' id='word_1_235' title='bbox 615 3934 643 3986; x_wconf 92' lang='lat' dir='ltr'><em>P</em></span> <span class='ocrx_word' id='word_1_236' title='bbox 714 3935 813 4004; x_wconf 80' lang='lat' dir='ltr'>bergo</span> <span class='ocrx_word' id='word_1_237' title='bbox 832 3936 863 3988; x_wconf 80' lang='lat' dir='ltr'>in</span> <span class='ocrx_word' id='word_1_238' title='bbox 881 3952 938 3988; x_wconf 83' lang='lat' dir='ltr'>ras.</span> <span class='ocrx_word' id='word_1_239' title='bbox 958 3936 985 3987; x_wconf 94' lang='lat' dir='ltr'><em>P</em></span> <span class='ocrx_word' id='word_1_240' title='bbox 1002 3935 1072 3988; x_wconf 89' lang='lat' dir='ltr'>enirn</span> <span class='ocrx_word' id='word_1_241' title='bbox 1091 3934 1153 3988; x_wconf 85' lang='lat' dir='ltr'>NV</span> <span class='ocrx_word' id='word_1_242' title='bbox 1231 3951 1307 4004; x_wconf 90' lang='lat' dir='ltr'>prae·</span> 
     </span>
     <span class='ocr_line' id='line_1_30' title="bbox 166 4017 1307 4085; baseline 0.004 -15"><span class='ocrx_word' id='word_1_243' title='bbox 166 4019 247 4072; x_wconf 84' lang='lat' dir='ltr'>cessit</span> <span class='ocrx_word' id='word_1_244' title='bbox 260 4017 310 4073; x_wconf 87' lang='grc' dir='ltr'>ΠΟ</span> <span class='ocrx_word' id='word_1_245' title='bbox 357 4021 372 4072; x_wconf 83' lang='grc'>7</span> <span class='ocrx_word' id='word_1_246' title='bbox 393 4021 561 4074; x_wconf 85' lang='lat' dir='ltr'>ulciscendae</span> <span class='ocrx_word' id='word_1_247' title='bbox 582 4022 673 4075; x_wconf 91' lang='lat' dir='ltr'>dolore</span> <span class='ocrx_word' id='word_1_248' title='bbox 689 4023 850 4077; x_wconf 88' lang='lat' dir='ltr'>inuidiaeN</span> <span class='ocrx_word' id='word_1_249' title='bbox 867 4023 1015 4077; x_wconf 88' lang='lat' dir='ltr'>ulciscendi</span> <span class='ocrx_word' id='word_1_250' title='bbox 1034 4022 1125 4077; x_wconf 89' lang='lat' dir='ltr'>dolore</span> <span class='ocrx_word' id='word_1_251' title='bbox 1140 4023 1255 4077; x_wconf 91' lang='lat' dir='ltr'>iniuriae</span> <span class='ocrx_word' id='word_1_252' title='bbox 1275 4022 1307 4085; x_wconf 89' lang='lat' dir='ltr'>V,</span> 
     </span>
     <span class='ocr_line' id='line_1_31' title="bbox 157 4109 1307 4175; baseline 0.004 -15"><span class='ocrx_word' id='word_1_253' title='bbox 157 4109 228 4175; x_wconf 83' lang='lat' dir='ltr'>sort.</span> <span class='ocrx_word' id='word_1_254' title='bbox 249 4109 417 4162; x_wconf 80' lang='lat' dir='ltr'>ulciscendae</span> <span class='ocrx_word' id='word_1_255' title='bbox 437 4109 528 4163; x_wconf 91' lang='lat' dir='ltr'>dolore</span> <span class='ocrx_word' id='word_1_256' title='bbox 548 4111 660 4164; x_wconf 90' lang='lat' dir='ltr'>iniuriae</span> <span class='ocrx_word' id='word_1_257' title='bbox 716 4110 862 4166; x_wconf 64' lang='lat' dir='ltr'>adiciet</span> <span class='ocrx_word' id='word_1_258' title='bbox 931 4112 1093 4166; x_wconf 87' lang='lat' dir='ltr'>reddiderim</span> <span class='ocrx_word' id='word_1_259' title='bbox 1114 4111 1136 4162; x_wconf 79' lang='lat' dir='ltr'><em>V</em></span> <span class='ocrx_word' id='word_1_260' title='bbox 1192 4113 1222 4165; x_wconf 94' lang='lat' dir='ltr'>ll</span> <span class='ocrx_word' id='word_1_261' title='bbox 1244 4110 1307 4166; x_wconf 90' lang='lat' dir='ltr'>dili·</span> 
     </span>
     <span class='ocr_line' id='line_1_32' title="bbox 164 4197 1307 4268; baseline 0.003 -20"><span class='ocrx_word' id='word_1_262' title='bbox 164 4197 292 4250; x_wconf 84' lang='lat' dir='ltr'>rissetB</span> <span class='ocrx_word' id='word_1_263' title='bbox 348 4200 380 4252; x_wconf 86' lang='lat'>13</span> <span class='ocrx_word' id='word_1_264' title='bbox 401 4216 463 4268; x_wconf 68' lang='lat' dir='ltr'>erge</span> <span class='ocrx_word' id='word_1_265' title='bbox 483 4216 534 4255; x_wconf 82' lang='lat' dir='ltr'>om.</span> <span class='ocrx_word' id='word_1_266' title='bbox 554 4200 587 4252; x_wconf 90' lang='lat' dir='ltr'>P¹</span> <span class='ocrx_word' id='word_1_267' title='bbox 660 4201 727 4253; x_wconf 88' lang='lat' dir='ltr'>facit</span> <span class='ocrx_word' id='word_1_268' title='bbox 745 4201 800 4253; x_wconf 88' lang='lat' dir='ltr'>BP</span> <span class='ocrx_word' id='word_1_269' title='bbox 819 4201 883 4255; x_wconf 81' lang='lat' dir='ltr'>fecit</span> <span class='ocrx_word' id='word_1_270' title='bbox 905 4204 927 4255; x_wconf 83' lang='lat'><em>0</em></span> <span class='ocrx_word' id='word_1_271' title='bbox 947 4205 972 4266; x_wconf 87' lang='lat' dir='ltr'>(e</span> <span class='ocrx_word' id='word_1_272' title='bbox 991 4205 1133 4266; x_wconf 62' lang='lat' dir='ltr'>ardeae)</span> <span class='ocrx_word' id='word_1_273' title='bbox 1191 4202 1224 4254; x_wconf 84' lang='lat'>15</span> <span class='ocrx_word' id='word_1_274' title='bbox 1244 4216 1307 4253; x_wconf 92' lang='lat' dir='ltr'>eon·</span> 
     </span>
     <span class='ocr_line' id='line_1_33' title="bbox 163 4285 1305 4357; baseline 0.004 -20"><span class='ocrx_word' id='word_1_275' title='bbox 163 4285 271 4338; x_wconf 87' lang='lat' dir='ltr'>turnilia</span> <span class='ocrx_word' id='word_1_276' title='bbox 289 4287 316 4338; x_wconf 91' lang='lat' dir='ltr'><em>B</em></span> <span class='ocrx_word' id='word_1_277' title='bbox 335 4287 415 4356; x_wconf 78' lang='lat' dir='ltr'>(corr.</span> <span class='ocrx_word' id='word_1_278' title='bbox 434 4293 487 4353; x_wconf 83' lang='lat' dir='ltr'>ml)</span> <span class='ocrx_word' id='word_1_279' title='bbox 581 4289 613 4341; x_wconf 88' lang='grc'>16</span> <span class='ocrx_word' id='word_1_280' title='bbox 632 4289 679 4342; x_wconf 92' lang='lat' dir='ltr'>sed</span> <span class='ocrx_word' id='word_1_281' title='bbox 699 4306 805 4342; x_wconf 89' lang='lat' dir='ltr'>seruare</span> <span class='ocrx_word' id='word_1_282' title='bbox 831 4290 856 4342; x_wconf 89' lang='lat' dir='ltr'><em>V</em></span> <span class='ocrx_word' id='word_1_283' title='bbox 926 4289 1058 4343; x_wconf 86' lang='lat' dir='ltr'>discamus</span> <span class='ocrx_word' id='word_1_284' title='bbox 1077 4289 1104 4342; x_wconf 91' lang='lat' dir='ltr'><strong><em>P</em></strong></span> <span class='ocrx_word' id='word_1_285' title='bbox 1123 4295 1146 4355; x_wconf 90' lang='lat' dir='ltr'>(s</span> <span class='ocrx_word' id='word_1_286' title='bbox 1161 4305 1205 4357; x_wconf 87' lang='lat' dir='ltr'>pr.</span> <span class='ocrx_word' id='word_1_287' title='bbox 1225 4304 1247 4342; x_wconf 85' lang='lat' dir='ltr'>a.</span> <span class='ocrx_word' id='word_1_288' title='bbox 1266 4293 1305 4353; x_wconf 71' lang='lat' dir='ltr'>aa)</span> 
     </span>
     <span class='ocr_line' id='line_1_34' title="bbox 165 4374 1306 4448; baseline 0.006 -23"><span class='ocrx_word' id='word_1_289' title='bbox 165 4375 197 4426; x_wconf 74' lang='grc'>17</span> <span class='ocrx_word' id='word_1_290' title='bbox 218 4374 354 4428; x_wconf 89' lang='lat' dir='ltr'>imitemur</span> <span class='ocrx_word' id='word_1_291' title='bbox 372 4377 400 4429; x_wconf 88' lang='lat' dir='ltr'><em>B</em></span> <span class='ocrx_word' id='word_1_292' title='bbox 419 4380 461 4443; x_wconf 87' lang='lat' dir='ltr'>(ur</span> <span class='ocrx_word' id='word_1_293' title='bbox 478 4394 500 4430; x_wconf 85' lang='lat' dir='ltr'>s.</span> <span class='ocrx_word' id='word_1_294' title='bbox 519 4394 545 4430; x_wconf 83' lang='lat' dir='ltr'>u.</span> <span class='ocrx_word' id='word_1_295' title='bbox 566 4379 623 4447; x_wconf 74' lang='lat' dir='ltr'>m2)</span> <span class='ocrx_word' id='word_1_296' title='bbox 679 4379 711 4430; x_wconf 82' lang='lat'>18</span> <span class='ocrx_word' id='word_1_297' title='bbox 731 4379 940 4446; x_wconf 86' lang='lat' dir='ltr'>praestantiores</span> <span class='ocrx_word' id='word_1_298' title='bbox 960 4379 987 4431; x_wconf 93' lang='lat' dir='ltr'><em>B</em></span> <span class='ocrx_word' id='word_1_299' title='bbox 1005 4379 1086 4448; x_wconf 86' lang='lat' dir='ltr'>(corr.</span> <span class='ocrx_word' id='word_1_300' title='bbox 1105 4378 1163 4447; x_wconf 83' lang='lat' dir='ltr'>ru3)</span> <span class='ocrx_word' id='word_1_301' title='bbox 1181 4377 1209 4430; x_wconf 88' lang='lat' dir='ltr'><em>P</em></span> <span class='ocrx_word' id='word_1_302' title='bbox 1227 4382 1306 4442; x_wconf 79' lang='lat' dir='ltr'>(corr.</span> 
     </span>
     <span class='ocr_line' id='line_1_35' title="bbox 163 4463 1306 4532; baseline 0.004 -19"><span class='ocrx_word' id='word_1_303' title='bbox 163 4463 216 4532; x_wconf 75' lang='lat' dir='ltr'>arel)</span> <span class='ocrx_word' id='word_1_304' title='bbox 288 4469 331 4516; x_wconf 89' lang='lat' dir='ltr'>set</span> <span class='ocrx_word' id='word_1_305' title='bbox 349 4465 376 4516; x_wconf 91' lang='lat' dir='ltr'><strong><em>P</em></strong></span> <span class='ocrx_word' id='word_1_306' title='bbox 395 4465 453 4530; x_wconf 86' lang='lat' dir='ltr'>(scd</span> <span class='ocrx_word' id='word_1_307' title='bbox 471 4470 528 4531; x_wconf 79' lang='lat' dir='ltr'>m2)</span> <span class='ocrx_word' id='word_1_308' title='bbox 621 4468 653 4519; x_wconf 88' lang='lat'>19</span> <span class='ocrx_word' id='word_1_309' title='bbox 673 4467 754 4520; x_wconf 88' lang='lat' dir='ltr'>scisse</span> <span class='ocrx_word' id='word_1_310' title='bbox 774 4468 902 4520; x_wconf 73' lang='lat' dir='ltr'><strong><em>BPP⁴¹D</em></strong></span> <span class='ocrx_word' id='word_1_311' title='bbox 919 4469 1036 4521; x_wconf 86' lang='lat' dir='ltr'>nescisse</span> <span class='ocrx_word' id='word_1_312' title='bbox 1058 4467 1080 4521; x_wconf 91' lang='lat'><strong><em>0</em></strong></span> <span class='ocrx_word' id='word_1_313' title='bbox 1099 4473 1143 4531; x_wconf 90' lang='lat' dir='ltr'>(ue</span> <span class='ocrx_word' id='word_1_314' title='bbox 1161 4470 1209 4520; x_wconf 59' lang='lat' dir='ltr'>mr?</span> <span class='ocrx_word' id='word_1_315' title='bbox 1226 4483 1247 4518; x_wconf 86' lang='lat' dir='ltr'>s.</span> <span class='ocrx_word' id='word_1_316' title='bbox 1266 4469 1306 4531; x_wconf 76' lang='lat' dir='ltr'>u.)</span> 
     </span>
    </p>
   </div>
   <div class='ocr_carea' id='block_1_5' title="bbox 165 4551 1307 4698">
    <p class='ocr_par' dir='ltr' id='par_1_8' title="bbox 165 4551 1307 4698">
     <span class='ocr_line' id='line_1_36' title="bbox 165 4551 1307 4626; baseline 0.005 -25"><span class='ocrx_word' id='word_1_317' title='bbox 165 4551 199 4602; x_wconf 88' lang='grc'>22</span> <span class='ocrx_word' id='word_1_318' title='bbox 218 4551 375 4605; x_wconf 87' lang='lat' dir='ltr'>iustmimur</span> <span class='ocrx_word' id='word_1_319' title='bbox 393 4555 420 4607; x_wconf 87' lang='lat' dir='ltr'><strong><em>P</em></strong></span> <span class='ocrx_word' id='word_1_320' title='bbox 438 4555 535 4618; x_wconf 86' lang='lat' dir='ltr'>(iustru</span> <span class='ocrx_word' id='word_1_321' title='bbox 555 4572 588 4608; x_wconf 75' lang='lat' dir='ltr'>ecc</span> <span class='ocrx_word' id='word_1_322' title='bbox 606 4556 686 4623; x_wconf 84' lang='lat' dir='ltr'>initu)</span> <span class='ocrx_word' id='word_1_323' title='bbox 741 4558 774 4608; x_wconf 78' lang='lat'>‘25</span> <span class='ocrx_word' id='word_1_324' title='bbox 795 4565 884 4609; x_wconf 81' lang='lat' dir='ltr'>auteur</span> <span class='ocrx_word' id='word_1_325' title='bbox 904 4557 931 4609; x_wconf 91' lang='lat' dir='ltr'><strong><em>P</em></strong></span> <span class='ocrx_word' id='word_1_326' title='bbox 947 4557 1000 4626; x_wconf 82' lang='lat' dir='ltr'>(em</span> <span class='ocrx_word' id='word_1_327' title='bbox 1020 4560 1103 4620; x_wconf 82' lang='lat' dir='ltr'>erae.)</span> <span class='ocrx_word' id='word_1_328' title='bbox 1177 4554 1307 4607; x_wconf 86' lang='lat' dir='ltr'>dilectum</span> 
     </span>
     <span class='ocr_line' id='line_1_37' title="bbox 171 4638 520 4698; baseline 0.02 -8"><span class='ocrx_word' id='word_1_329' title='bbox 171 4638 307 4695; x_wconf 54' lang='lat' dir='ltr'>Varro</span> <span class='ocrx_word' id='word_1_330' title='bbox 326 4641 454 4695; x_wconf 90' lang='lat' dir='ltr'>delictum</span> <span class='ocrx_word' id='word_1_331' title='bbox 474 4649 520 4698; x_wconf 82' lang='lat' dir='ltr'>cet.</span> 
     </span>
    </p>
   </div>
   <div class='ocr_carea' id='block_1_6' title="bbox 0 330 1398 5228">
    <p class='ocr_par' dir='ltr' id='par_1_9' title="bbox 0 330 1398 5228">
     <span class='ocr_line' id='line_1_38' title="bbox 0 330 1398 5228; baseline 0 0"><span class='ocrx_word' id='word_1_332' title='bbox 0 330 1398 5228; x_wconf 95' lang='lat' dir='ltr'> </span> 
     </span>
    </p>
   </div>
  </div>
 </body>
</html>
