2804 5168
147 681 212 745 390
612 676 833 746 [Ambrosii]

147 872 281 953 denique
311 871 407 935 etiam
435 871 511 934 alibi
538 869 656 934 nudam
684 889 755 935 esse
783 870 913 934 uirtutis
942 870 1096 934 indicium
1124 872 1185 945 est,
1220 871 1303 953 qrria

147 978 302 1061 scriptum
337 981 404 1041 est:
439 977 522 1041 exui
554 976 722 1040 tunicam
755 996 886 1055 meam,
922 977 1105 1060 quomodo
1138 977 1299 1043 induam

93 1082 252 1150 46eam?
275 1084 354 1149 laui
378 1083 491 1166 pedes
515 1102 633 1160 meos,
658 1083 842 1165 quomodo
862 1084 1068 1166 inquinabo
1088 1088 1178 1149 eos?
1198 1105 1297 1168 quam

145 1192 246 1277 igitur
268 1191 410 1256 tunicam
435 1191 555 1255 exuerit
579 1193 612 1255 et
634 1211 695 1256 uon
719 1191 877 1254 inuenerit
896 1191 1162 1273 quemadmodum
1182 1191 1299 1257 induat
1362 1204 1384 1257 Β

147 1319 216 1364 eam
241 1299 278 1363 de
303 1299 480 1381 scripturis,
505 1298 533 1362 si
555 1317 738 1381 possumus,
758 1298 947 1364 reuelemus.
969 1301 1018 1362 est
1037 1297 1119 1362 enim
1139 1299 1297 1380 quaedam
1328 1319 1341 1356 ε

145 1407 254 1471 tunica
277 1406 459 1488 corporalis,
484 1408 558 1469 sunt
581 1404 794 1487 cupiditatum
815 1404 969 1486 quaedam
988 1405 1106 1469 intexta
1123 1407 1296 1483 uelamina,

145 1518 179 1577 et
201 1513 271 1577 ideo
296 1513 454 1577 interdum
478 1513 592 1577 melius
617 1515 666 1576 est
688 1512 808 1576 nudum
833 1530 903 1575 esse
927 1530 1056 1592 corpore
1080 1531 1175 1594 quam
1200 1513 1296 1577 corde

145 1620 298 1684 uelatum.
331 1620 413 1683 unde
447 1619 542 1683 etiam
574 1618 694 1683 Paulus
727 1638 784 1683 nos
817 1618 965 1682 admonet
1002 1618 1152 1700 expoliari
1189 1620 1296 1684 multo

146 1745 218 1791 esse
247 1727 362 1791 meiius
393 1744 488 1808 quam
517 1725 726 1809 superaestiri
765 1725 873 1789 dicens
904 1726 1000 1789 etiam
1029 1725 1124 1789 alibi:
1154 1727 1295 1807 expoli-

145 1837 255 1897 antes
280 1853 346 1898 uos
371 1836 536 1897 ueterem
561 1833 748 1898 hominem
769 1852 849 1896 cum
870 1833 1021 1897 actibus
1041 1832 1122 1896 suis
1141 1832 1295 1897 induite
1314 1854 1340 1893 ro

146 1959 301 2017 nouum,
331 1940 393 2022 qui
421 1943 626 2005 renouatur
652 1940 688 2004 iu
714 1939 949 2024 agnitionem
975 1939 1182 2004 secundum
1206 1938 1295 2002 ima-

148 2047 270 2130 ginem
304 2046 385 2111 eius
419 2048 481 2128 qui
514 2047 661 2111 creauit
694 2067 785 2112 oum.
811 2065 885 2130 ergo
911 2065 991 2128 quae
1016 2046 1153 2128 spoliata
1182 2049 1232 2110 est
1262 2050 1296 2110 et
1361 2047 1380 2102 C

146 2153 241 2235 pedes
265 2153 349 2218 lotos
372 2153 469 2217 habet
493 2156 524 2217 et
546 2152 617 2217 ideo
637 2172 717 2235 quae
736 2153 817 2216 lauit
835 2152 937 2216 nescit
956 2150 1114 2234 quomodo
1134 2151 1295 2234 inquinari

146 2261 263 2343 possit3
298 2261 501 2325 obliuiscitur
537 2260 620 2324 enim
656 2279 711 2343 per
748 2260 882 2342 gratiam
921 2258 1004 2341 quod
1045 2259 1197 2322 hauserat
1236 2277 1296 2342 per

146 2371 300 2431 naturam.
334 2387 469 2451 magnus
502 2367 553 2431 hic
585 2366 685 2450 igitur
718 2369 750 2430 et
781 2366 887 2430 iustus
920 2384 1007 2429 amor
1039 2364 1183 2429 mulieris
1222 2369 1294 2430 ante
1314 2385 1340 2426 11

146 2474 396 2557 Dauid-regiam
421 2493 454 2538 se
478 2474 627 2539 lauantis.

91 2575 134 2638 47
192 2580 254 2645 Sed
291 2601 352 2646 non
391 2581 495 2645 solum
531 2581 623 2656 lauit,
657 2580 712 2644 sed
746 2580 842 2644 etiam
874 2579 1012 2657 uocauit,
1046 2581 1083 2642 ut
1114 2578 1147 2641 in
1180 2577 1295 2643 eodem

146 2688 321 2769 accipimus
343 2688 423 2751 libro
444 2688 568 2751 dicente
593 2691 703 2751 sancta
726 2686 879 2751 ecclesia:
903 2684 1005 2763 ueni,
1029 2685 1149 2749 frater
1171 2703 1294 2762 meuc,

144 2814 320 2859 exeamus
345 2794 380 2858 in
406 2813 510 2877 agro,
534 2793 817 2876 requiescamus
840 2793 876 2856 in
901 2792 1093 2869 castellis,
1118 2790 1293 2855 diluculo

145 2920 347 2985 surgamus
382 2901 418 2964 in
451 2901 599 2978 uineas,
632 2900 828 2963 uideamus
862 2898 892 2963 si
926 2899 1142 2963 floruerunt
1179 2896 1339 2960 uiteseo

147 3026 207 3072 nou
242 3009 346 3071 solum
378 3007 478 3090 igitur
509 3009 607 3082 lauat,
641 3006 698 3070 sed
731 3007 828 3070 etiam
861 3005 1022 3071 Christum
1055 3004 1163 3068 uenire
1192 3002 1231 3067 ad
1260 3021 1294 3066 se
1358 3017 1381 3070 D

147 3117 301 3196 prouocat
330 3116 363 3178 et
390 3114 508 3178 inuitat
536 3114 662 3178 dicens:
687 3113 760 3177 tibi
784 3113 877 3177 dabo
901 3113 1017 3177 ubera
1039 3130 1129 3175 mea.
1153 3129 1210 3174 neo
1235 3128 1295 3173 sua

237 3340 250 3393 1
276 3339 359 3393 uerba
379 3339 565 3408 ⁶<aliquando>
578 3340 678 3393 nudam
698 3339 764 3392 esse*
784 3356 869 3408 usque
889 3337 924 3392 ad
942 3336 1026 3391 uerba
1050 3340 1086 3403 (u.
1109 3337 1152 3402 14)
1172 3342 1229 3407 ‘per
1247 3354 1295 3389 na·

145 3430 243 3481 turam'
262 3429 391 3498 leguntur
416 3429 442 3482 in
470 3428 671 3483 Commentario
697 3429 723 3481 iu
745 3427 859 3482 Cantica
885 3428 1049 3480 canticorum
1076 3442 1107 3479 ex
1133 3424 1210 3478 libris
1230 3424 1294 3478 Am·

145 3516 229 3570 brosii
248 3516 362 3570 collecto
383 3520 408 3577 5,
428 3517 461 3570 30
481 3517 505 3586 (I
526 3515 853 3573 15949-159511111
908 3516 924 3568 2
945 3513 1023 3570 Cant.
1043 3515 1105 3577 o,3
1151 3511 1291 3567 CColoss.

146 3610 173 3669 3,
192 3608 207 3661 9
227 3624 265 3676 sq.
315 3608 347 3660 18
364 3606 440 3660 Cant.
457 3608 481 3671 7,
499 3607 527 3660 11
547 3624 586 3675 sq.
638 3607 671 3659 92
687 3606 764 3660 Cant.
786 3608 809 3670 7,
832 3608 864 3659 19

181 3784 197 3837 3
218 3799 262 3836 eos
286 3781 402 3835 ΤΝΒὈ
418 3782 480 3834 ilios
500 3788 548 3835 cet.
604 3783 790 3835 breuelamus
813 3782 866 3835 Tu*
924 3784 1008 3836 8nos
1028 3780 1157 3836 admonet
1179 3777 1229 3832 Tc
1246 3778 1294 3832 ad·

145 3875 239 3925 mouet
261 3889 310 3924 uos
334 3871 393 3924 ΝΒ
419 3876 554 3924 ammonet
577 3874 606 3924 et
627 3888 677 3923 nos
704 3871 866 3924 BT‘B'PM
887 3876 915 3925 et
938 3890 986 3925 rios
1011 3876 1074 3936 (om.
1101 3868 1238 3936 admonet)
1258 3852 1295 3923 P‘

145 3960 276 4013 91111111
297 3961 423 4030 11111χο.
445 3977 502 4013 esse
524 3976 574 4013 one
595 3960 659 4013 Pet
711 3961 933 4015 1111110111.Νο
980 3962 1010 4014 11
1032 3960 1200 4028 agnitionem
1219 3958 1297 4012 YBC

146 4050 286 4118 agnitione
306 4056 353 4103 cet.
463 4049 520 4101 eius
540 4049 685 4117 imaginem
704 4048 736 4102 N
822 4051 853 4103 12
880 4050 997 4119 spoliata
1019 4048 1076 4102 TN
1092 4049 1228 4117 expoliata
1245 4054 1293 4102 cet.

147 4138 179 4190 13
200 4141 226 4189 ct
245 4137 306 4191 ideo
328 4154 396 4206 quae
410 4137 480 4189 lauit
494 4153 545 4189 om.
564 4137 587 4189 (J
640 4137 772 4206 quomodo
791 4139 843 4191 TN
858 4137 1081 4208 quemadmodum
1097 4143 1145 4191 cet.
1184 4138 1294 4206 141111-

146 4225 200 4278 sint
219 4226 246 4277 B
264 4230 376 4294 possent
394 4225 423 4278 1)
497 4227 529 4279 15
548 4225 633 4293 igitur
651 4228 695 4279 hic
713 4227 821 4291 BB‘P‘,
841 4227 884 4280 iric
903 4244 953 4280 one.
972 4226 1002 4280 D
1067 4227 1100 4279 lo
1120 4225 1222 4295 regiam
1242 4241 1293 4278 om.

145 4314 183 4377 Ι),
204 4313 311 4367 domum
330 4314 367 4367 M
439 4315 471 4367 18
494 4315 638 4383 accipimus
662 4316 747 4369 ΤΗΝ
764 4317 915 4385 acecpimus
935 4320 981 4369 cet.
1057 4316 1089 4367 19
1110 4331 1204 4382 agrum
1223 4314 1291 4371 PM.

145 4408 215 4457 recte
229 4409 299 4471 puto
372 4403 576 4472 qrrieecamusp
640 4405 674 4457 99
698 4403 845 4458 floruerunt
869 4406 939 4457 uites
964 4403 1038 4471 (uitis
1062 4403 1103 4470 Ν)
1126 4402 1184 4456 TN
1203 4403 1295 4456 floruit

147 4491 212 4545 uitis
237 4497 283 4545 cet.
338 4493 369 4544 21
388 4490 479 4543 uenire
493 4491 527 4543 ed
542 4492 658 4545 seTad
673 4509 701 4545 se
717 4494 807 4548 uenire
824 4499 871 4549 cct.
927 4494 962 4547 99
977 4496 1004 4546 et
1019 4509 1070 4548 om.
1088 4491 1144 4545 TN
1212 4507 1294 4561 opera

148 4584 179 4645 (a.
198 4580 212 4630 1
229 4578 323 4648 ubera)
343 4579 373 4631 N
