2804 5168
221 325 262 378 De
277 324 496 394 interpellatione
510 323 559 377 Iob
575 328 601 376 et
617 322 706 377 Dauid
721 322 735 376 I
749 324 774 386 3,
787 324 856 378 7-9
872 323 895 389 (Ι
915 325 966 378 627
981 323 1093 381 F-oas
1107 322 1150 391 Ε).
1193 327 1257 389 215

114 540 175 585 non
205 521 323 585 habens
352 520 502 595 fructum,
533 518 589 582 sed
623 517 787 602 gemitum.
822 519 1002 585 narratio
1036 520 1119 583 euim
1152 518 1261 583 fatui

116 628 275 692 sarcina
299 627 335 690 in
360 627 434 690 uia.
461 625 537 707 quid
561 624 643 689 enim
668 629 718 689 est
740 625 826 688 aliud
849 629 1016 706 peccatum
1040 626 1102 690 nisi
1126 626 1258 702 sarcina,

116 734 201 816 quod
234 734 329 798 huius
362 733 482 797 saeculi
516 735 623 796 onerat
655 731 809 796 uiatorem
843 731 932 815 grani
960 732 1146 815 depressum
1174 733 1259 797 fasce

116 840 249 904 delicti?
273 841 328 923 qui
352 841 379 904 si
403 841 501 904 nollet
525 839 610 903 oneri
631 838 805 915 subiacere,
826 838 937 903 debuit
955 838 1063 903 audire
1083 838 1256 903 dicentem:

81 968 94 1008 s
116 948 255 1012 uenite
280 948 324 1011 ad
348 967 405 1012 me
430 966 566 1012 omnes
591 946 658 1029 qui
680 945 886 1011 laboratis
906 948 945 1010 et
964 946 1123 1010 onerati
1142 946 1257 1021 estis,

116 1059 155 1119 et
179 1073 250 1138 ego
276 1074 349 1119 uos
372 1054 571 1119 reficiam.

45 1157 67 1218 8
161 1161 245 1242 Quid
270 1165 376 1225 autem
399 1161 630 1235 aerumnosius,
660 1181 732 1226 cum
762 1161 830 1243 ipse
859 1161 961 1224 lectus
990 1178 1190 1225 communem
1220 1158 1259 1222 ad
1284 1168 1304 1224 C

116 1269 254 1350 quietem
280 1268 372 1332 datus
397 1286 493 1352 graue
513 1270 630 1334 uulnus
650 1267 799 1353 infligat?
818 1271 895 1331 tunc
915 1267 998 1331 enim
1018 1268 1158 1331 solemus
1179 1285 1259 1349 quae

115 1375 251 1440 fecimus
279 1375 444 1450 recordari,
474 1378 507 1440 et
533 1375 690 1440 factorum
719 1394 848 1439 suorum
878 1374 1019 1439 stimulis
1047 1373 1260 1456 conpungitur

72 1504 97 1542 m
116 1481 246 1545 interior
265 1481 467 1545 conscientia.
482 1481 566 1545 unde
584 1486 616 1546 et
630 1482 787 1563 scriptura
805 1481 850 1545 ait
865 1481 928 1544 his:
946 1501 993 1562 qu
1004 1499 1045 1543 ae
1060 1479 1204 1544 dicitis
1220 1479 1258 1542 in

117 1587 311 1652 cordibus
337 1588 492 1651 uestris
518 1594 556 1651 et
575 1589 613 1651 in
633 1587 845 1652 cubilibus
866 1586 1021 1651 uestris
1042 1585 1259 1669 conpungi-

117 1694 240 1759 mini?
277 1694 451 1759 remedium
491 1693 620 1775 quidem
657 1693 765 1770 debiti,
806 1692 863 1757 sed
895 1696 1000 1756 tamen
1034 1692 1257 1756 conscientiam

116 1802 310 1865 uulnerauit.
349 1800 405 1864 sed
443 1802 511 1864 esto
550 1803 587 1863 ut
624 1799 792 1881 aliquando
824 1799 919 1864 fessis
953 1817 1084 1864 somnus
1117 1799 1257 1880 obrepat,

116 1909 272 1972 terremur
293 1906 470 1981 insomniis,
492 1906 688 1990 exagitamur
706 1905 895 1983 lusionibus,
915 1905 1033 1970 utiam
1053 1925 1114 1970 non
1134 1904 1259 1987 requies

71 2034 97 2072 ιε
117 2014 189 2089 ista,
214 2013 271 2077 sed
300 2032 400 2095 poena
432 2013 562 2078 sitite
595 2013 678 2077 enim
711 2012 827 2078 abeunt
859 2012 989 2077 diuitiae
1022 2010 1141 2076 saeculi
1169 2011 1302 2077 ueluti)

117 2119 276 2183 sornnium
301 2120 491 2203 exurgentis.
517 2121 652 2184 surrexit
675 2119 774 2201 aliqui
796 2119 892 2184 istius
917 2118 1057 2201 corporis
1081 2137 1203 2193 somno,
1228 2123 1259 2181 et

117 2225 196 2288 nihil
219 2225 364 2308 possedit
391 2225 486 2308 idque
514 2226 620 2308 ipsum
650 2225 735 2308 quod
764 2245 798 2291 se
827 2225 975 2290 credebat
1001 2225 1116 2289 habere
1140 2221 1258 2287 amisit.

46 2329 68 2392 9
116 2331 304 2396 constituite
332 2333 410 2396 mihi
438 2351 520 2397 nunc
549 2333 681 2396 diuitem
710 2332 813 2407 illum,
843 2331 897 2414 qui
925 2330 1084 2396 cotidiana
1110 2331 1200 2395 lucra
1228 2334 1260 2392 et

117 2441 269 2520 quaestus
292 2439 397 2503 uarios
422 2440 614 2523 congerebat
637 2443 669 2505 et
693 2438 911 2523 exagitabatur
930 2437 1160 2519 cupiditatibus
1180 2435 1259 2511 suis,

69 2570 97 2609 so
116 2544 222 2609 subito
242 2545 481 2628 resipiscentem
500 2546 817 2629 considerantemque
832 2563 942 2610 secum
962 2545 1056 2626 quia
1075 2563 1148 2608 non
1173 2562 1258 2609 cum

116 2652 325 2729 morietur,
354 2652 534 2735 accipiet
562 2653 702 2730 clunia,
732 2672 860 2735 neque
889 2651 1013 2717 simul
1038 2650 1259 2715 descendet

117 2776 202 2821 eum
227 2775 270 2821 eo
295 2757 430 2841 gloria
454 2757 594 2822 domus
619 2758 707 2822 eius
732 2761 764 2822 et
788 2757 872 2840 qnod
897 2776 933 2822 ea
957 2776 1037 2840 quae
1063 2755 1207 2838 possidet
1226 2756 1302 2824 inlr

116 2864 176 2927 hac
204 2863 272 2927 uita
300 2863 435 2927 habeant
464 2863 585 2945 aliquid
613 2864 800 2948 uoluptatis,
829 2883 889 2929 non
918 2865 1013 2928 etiam
1042 2864 1074 2928 in
1103 2863 1257 2939 futurum,

207 3105 482 3176 lsir.21.16(19)
528 3106 661 3162 straten.
682 3109 723 3167 11.
743 3108 777 3160 28
824 3106 858 3160 10
876 3105 975 3163 Psalm.
994 3105 1087 3161 11115
1139 3106 1257 3161 ltiEsai.

114 3195 158 3257 29,
179 3195 193 3247 'l
213 3195 312 3248 Psalm.
331 3194 431 3248 LXXII
450 3196 485 3249 20
539 3195 574 3250 20
593 3196 692 3250 Psalm.
711 3195 876 3250 xxxxvssl
897 3196 929 3250 18

151 3317 617 3386 2quid...sarcinas.u.n12P
666 3318 774 3389 3quod
792 3320 845 3373 PC
862 3337 929 3390 quae
948 3319 1040 3372 BDP'
1090 3315 1260 3371 ldilectiP

115 3414 197 3474 (corr.
217 3411 273 3472 serzi
348 3410 364 3460 ἵ)
384 3407 512 3460 laboratis
534 3405 559 3460 P
577 3408 596 3460 ri
617 3425 649 3461 er
668 3415 692 3472 e)
768 3410 783 3463 7
804 3409 904 3476 autern]
926 3408 996 3461 enim
1015 3408 1043 3460 B
1134 3405 1167 3458 ad
1187 3422 1258 3458 eom·

114 3513 222 3550 munem
236 3496 299 3549 DP‘
402 3497 434 3549 10
450 3501 477 3548 et
492 3513 542 3549 orm
558 3497 621 3550 ΗΡ
722 3498 755 3552 12
774 3497 839 3564 fort.
860 3495 968 3567 quidem
987 3494 1063 3548 dedit
1160 3494 1191 3546 13
1205 3493 1257 3547 les·

114 3579 152 3674 sis
172 3611 199 3663 B
219 3616 298 3673 (corr.
318 3616 374 3675 7212)
395 3612 480 3664 sessos
501 3611 564 3665 ΠΡ*
621 3613 654 3667 14
673 3613 813 3668 insomniis
831 3613 859 3666 P
878 3613 897 3678 (i
917 3617 974 3666 tert.
993 3630 1014 3666 a.
1033 3627 1060 3663 a.
1080 3610 1137 3680 m2)
1205 3625 1257 3661 non

114 3700 168 3752 iarn
188 3699 250 3752 DP‘
300 3702 331 3754 15
350 3702 404 3754 ista
422 3717 473 3754 oar.
497 3701 556 3753 DP‘
613 3702 714 3756 abeunt
733 3699 963 3755 PBGhabentur
981 3701 1116 3754 Bastia
1129 3697 1258 3769 mpDP‘

151 3789 237 3841 ueluti
255 3788 320 3842 DP‘
385 3792 416 3842 lo
437 3791 592 3860 exurgentis
611 3792 638 3844 P
654 3791 675 3860 (i
693 3806 726 3844 ex
745 3805 769 3851 cr
842 3789 941 3858 aliquis
959 3790 986 3841 P
1003 3794 1027 3853 (s
1044 3806 1065 3844 a.
1085 3805 1112 3842 a.
1133 3793 1189 3856 m2)
1210 3793 1257 3842 eet.

151 3894 182 3929 ex
200 3877 280 3930 istius
298 3878 326 3931 R
418 3880 449 3932 17
469 3880 593 3949 possedit
611 3880 639 3932 P
657 3880 676 3945 (i
696 3895 729 3933 ex
748 3883 773 3942 e)
794 3877 916 3948 possidet
933 3875 961 3929 B
1082 3877 1182 3931 habere
1202 3894 1257 3930 ere·

114 3965 198 4019 debat
216 3965 243 4017 B
336 3967 367 4019 18
387 3969 520 4021 constitue
539 3969 566 4020 B
655 3969 721 4022 mihi
740 3985 761 4023 e.
781 3985 809 4020 a.
828 3969 876 4020 m2
893 3966 921 4020 B
1010 3983 1080 4019 nunc
1102 3966 1174 4019 cm
1191 3965 1258 4018 mibi

112 4071 185 4107 nunc
203 4058 251 4106 eu?
322 4072 392 4108 nunc
411 4073 431 4109 a.
452 4073 478 4109 aa
495 4057 524 4109 I)
576 4058 608 4110 19
627 4058 786 4125 exagibatur
805 4057 832 4111 P
850 4055 1014 4128 exagebetur
1032 4054 1097 4108 DP'
1146 4055 1181 4109 20
1196 4071 1257 4107 eon·

114 4141 232 4196 siderate
252 4147 376 4212 questum
397 4145 460 4198 DP
533 4163 586 4199 non
605 4161 656 4200 om.
676 4145 738 4199 DP‘
794 4148 826 4200 21
847 4145 929 4198 simul
947 4160 998 4198 om.
1018 4143 1083 4197 DP‘
1154 4143 1259 4196 discen·

114 4229 156 4282 dit
175 4231 202 4283 P
261 4233 296 4286 22
316 4232 398 4301 quod]
419 4251 478 4286 cam
497 4235 560 4287 ΗΡ
632 4233 754 4305 possedit
772 4235 836 4301 P(i
855 4251 889 4288 ac
907 4234 932 4298 e)
953 4232 976 4285 (l
