2804 5168
158 650 222 713 222
629 644 826 697 Ambrosii

67 837 101 919 6,
114 839 154 901 16
202 841 264 908 Sed
289 840 328 906 ad
350 840 532 925 propositae
555 839 646 905 nobis
670 838 934 922 interpellationis
959 837 1072 902 seriem
1095 841 1304 901 reuertamur.
1352 837 1399 892 632

157 948 307 1013 multas
326 948 430 1030 inquit
454 947 729 1012 contritiones
752 946 856 1011 feeit
878 946 987 1010 mihi.
1012 944 1219 1028 respirare
1243 961 1303 1008 me

157 1074 229 1120 non
251 1054 363 1128 sinit,
384 1054 578 1137 impleuit
595 1073 652 1118 me
670 1051 963 1128 amaritudin03
980 1053 1126 1135 etquia
1142 1051 1304 1114 uirtute

157 1165 220 1226 est
247 1165 404 1243 potens,
434 1180 546 1226 nemo
574 1164 715 1243 potest
738 1160 894 1225 iudicio
921 1160 1009 1224 eius
1033 1158 1241 1223 resistere.
1268 1156 1303 1220 si

157 1269 297 1333 iustus
330 1287 415 1332 sum
450 1268 580 1345 eorde,
614 1269 759 1352 lingua
791 1286 874 1331 mea
902 1271 1020 1333 errat.
1050 1284 1234 1348 magnum
1266 1266 1304 1327 et
1337 1285 1349 1324 e

157 1378 366 1458 potentem
401 1373 609 1456 disperdit
640 1373 709 1439 ira.
742 1373 916 1457 improbi
948 1372 986 1437 in
1018 1375 1146 1437 morte
1175 1370 1303 1454 graui,

157 1482 261 1545 iusti
291 1485 423 1545 autem
453 1480 701 1553 inridentur;
728 1479 811 1545 dati
841 1483 937 1544 sunt
966 1479 1067 1544 enim
1096 1478 1133 1541 in
1162 1494 1304 1540 manus

156 1587 283 1670 impii.
312 1587 386 1651 uide
415 1586 548 1671 singula.
573 1586 758 1669 potentibus
782 1586 828 1650 ira
852 1605 910 1651 sua
933 1590 983 1651 est
1006 1584 1123 1669 grauis,
1148 1582 1304 1665 improbis

156 1694 307 1776 nequitia.
331 1694 426 1758 iustis
450 1693 646 1758 condicionis
669 1693 846 1757 infirmitas.
870 1694 917 1758 ito
939 1693 1017 1758 nihil
1036 1691 1177 1775 periculo
1197 1693 1302 1756 uaoat.

156 1801 309 1866 fortitudo
335 1805 367 1865 et
384 1801 569 1885 magnitudo
590 1801 651 1864 uiri
671 1820 730 1865 sua
747 1804 907 1883 potestate
927 1799 1094 1881 decipitur,
1113 1797 1303 1880 improbitas
1325 1819 1351 1856 ιο
1370 1796 1391 1852 C·

157 1908 347 1983 adflictatur,
371 1909 476 1973 uirtus
500 1907 630 1972 ridetur.
654 1907 720 1980 illo,
745 1908 819 1989 quia
841 1908 915 1989 plus
938 1909 1055 1988 potest,
1079 1905 1208 1978 labitur,
1227 1904 1302 1975 iste,

157 2014 230 2096 quia
249 2014 328 2077 nihil
348 2016 464 2097 potest,
484 2013 654 2096 adfligitur.
676 2012 870 2077 condicionis
895 2017 944 2076 est
967 2012 1092 2081 uitium,
1118 2010 1193 2092 quia
1216 2009 1304 2072 uita

157 2124 299 2185 nostra
323 2120 458 2184 leuior
481 2122 544 2183 est
567 2137 751 2194 cursore3
772 2118 982 2195 transisit,
1003 2122 1042 2183 et
1060 2116 1165 2181 nihil
1184 2115 1303 2181 uidit.

156 2230 362 2309 tamquam
400 2225 515 2289 nauis
553 2224 779 2308 uestigium
818 2229 886 2289 aut
923 2225 1084 2307 aquilae
1117 2222 1302 2287 uolantis

157 2332 395 2416 quaerentis
433 2350 580 2409 eseam,
611 2333 656 2397 ita
687 2332 837 2416 praeterit
871 2336 903 2396 et
936 2331 1002 2395 uita
1035 2330 1183 2395 hominis.
1217 2330 1303 2412 quod
1326 2352 1352 2389 ιε

155 2440 323 2523 loquimur,
362 2438 591 2514 obliuiscimur,
628 2458 685 2503 nee
714 2439 815 2502 ullum
851 2438 1006 2502 transitus
1043 2437 1142 2501 nostri
1177 2436 1304 2521 insigne

156 2546 403 2630 deprehenditur
438 2546 500 2610 nisi
537 2545 621 2626 quod
660 2546 703 2609 sit
738 2546 865 2627 plenum
903 2545 1054 2609 maeroris
1087 2550 1119 2608 et
1151 2544 1303 2626 gemitus.

159 2653 377 2718 concutior·
399 2653 503 2735 inquit
527 2653 713 2716 omnibus
738 2652 938 2718 membris.
964 2652 1118 2715 utinam
1146 2652 1202 2715 sit
1231 2670 1304 2715 me·
1371 2660 1394 2712 Ι)

158 2758 1304 2840 diatornosteretarguensetdiiudioansinterntrum-

113 2856 130 2877 ”
157 2885 231 2948 que
256 2868 450 2929 nostrum.
473 2865 602 2929 dinam
622 2864 801 2928 domino:
822 2884 944 2945 quare
965 2865 1023 2928 sio
1043 2883 1098 2927 me
1118 2863 1303 2929 iudicas?
1324 2880 1361 2922 nr

157 2991 201 3035 an
231 2971 377 3035 bonum
406 2972 485 3036 tibi
516 2977 578 3035 est
607 2978 650 3034 ut
679 2990 749 3054 ego
779 2972 962 3034 iniustus
992 2971 1076 3041 sim,
1106 2971 1199 3052 quia
1222 2991 1303 3052 rep-

156 3077 1302 3161 pulistioperamanuumtuarunretoonsilioimpiorum

156 3184 407 3249 intendisti?
453 3183 647 3266 numquid
694 3184 803 3248 siout
843 3186 1032 3249 mortalis
1075 3184 1199 3257 uidet,
1242 3185 1302 3249 sio

159 3290 328 3355 uidens?
362 3295 432 3355 aut
464 3291 552 3355 uita
584 3296 652 3354 tua
680 3290 791 3355 sieut
818 3290 995 3354 hominis
1024 3295 1092 3355 aut
1120 3291 1213 3355 anni
1242 3293 1303 3357 tui

158 3397 268 3461 siout
304 3398 394 3475 uiri,
433 3398 527 3480 quia
564 3397 788 3479 exquisisti
825 3397 1075 3479 iniquitates
1114 3417 1222 3461 meas
1263 3404 1350 3464 etos

157 3508 327 3586 peecata
354 3523 439 3567 mea
466 3504 766 3587 inuestigasti‘?
795 3503 905 3568 nosti
935 3505 1037 3568 enim
1061 3505 1155 3585 quia
1178 3503 1302 3586 impie

158 3629 231 3673 non
258 3611 389 3695 gessi;
416 3609 484 3674 sed
509 3610 597 3692 quis
619 3609 768 3690 estqui
788 3609 832 3672 de
851 3608 1036 3672 manibus
1056 3609 1140 3672 tuis
1161 3610 1302 3675 eruat?

248 3904 331 3959 ‘ZIob
352 3906 377 3969 o,
399 3906 512 3967 17-20,
532 3906 637 3958 22-24
695 3906 727 3959 12
747 3905 795 3958 lob
815 3906 840 3968 9,
860 3906 894 3959 25
914 3923 953 3974 sq.
1013 3907 1044 3958 18
1063 3905 1111 3959 lob
1132 3907 1156 3967 9,
1177 3906 1211 3959 '28
1226 3913 1253 3958 et
1268 3906 1303 3959 33

158 3994 193 4047 20
213 3993 260 4046 Iob
282 3995 323 4058 10,
342 3995 411 4047 2-7

194 4190 212 4241 4
231 4188 288 4241 eius
307 4187 407 4240 iudicio
426 4187 454 4238 B
518 4187 533 4240 9
553 4189 637 4255 ungat
655 4186 682 4239 P
736 4188 767 4240 11
787 4186 892 4239 ridetur
913 4188 936 4240 G
953 4186 1056 4239 ridetur
1074 4186 1176 4239 ridetur
1194 4188 1222 4240 P
1240 4187 1301 4250 (alt.

158 4276 262 4329 ridetur
279 4292 300 4329 s.
320 4293 347 4328 u.
367 4279 423 4337 um)
444 4281 491 4329 cet.
545 4277 576 4328 14
597 4275 714 4328 uolantis
734 4280 762 4328 et
775 4276 839 4329 DP¹
892 4278 923 4330 15
942 4276 1057 4328 bominis
1078 4278 1104 4329 P
1120 4277 1140 4343 (i
1160 4277 1208 4328 alt.
1229 4281 1301 4340 ese)

161 4365 193 4416 19
219 4369 248 4417 et
272 4381 387 4433 arguens
413 4370 441 4416 et
464 4365 564 4432 scripsi
588 4365 643 4434 (καὶ
662 4363 775 4435 ἐλέγχων
793 4365 837 4415 καὶ
856 4363 983 4415 traantur
1006 4365 1103 4430 LXX)
1131 4370 1158 4418 et
1184 4381 1302 4434 arguens

158 4451 276 4506 PDPC
293 4469 406 4520 arguens
426 4457 454 4506 et
472 4452 499 4505 B
535 4455 566 4506 21
588 4453 704 4506 iniustus
724 4453 751 4504 B
770 4453 807 4516 (in
826 4468 846 4504 a.
867 4454 905 4511 u.)
926 4453 1011 4505 iustus
1033 4454 1095 4505 DP¹
1132 4456 1166 4506 '2⁶2
1186 4460 1214 4506 et
1228 4453 1301 4514 DF,

160 4561 210 4598 om.
232 4549 279 4596 cel.
334 4542 368 4596 23
389 4542 464 4595 uides
483 4542 510 4594 B
564 4542 598 4594 26
618 4557 671 4595 non
691 4541 772 4609 impie
791 4540 863 4609 gessi
883 4539 910 4592 B
965 4541 998 4594 27
1018 4547 1127 4595 eruatur
1145 4542 1201 4595 DC
