2804 5168
122 649 163 712 48
591 644 788 698 Ambrosii

109 841 303 923 respiciens,
332 841 385 921 qui
416 859 478 904 non
511 840 616 903 solum
650 858 750 920 nsque
785 840 913 923 septies,
947 841 1002 904 sed
1036 839 1131 903 etiam
1164 859 1267 920 usqne

121 948 302 1030 septuagies
341 946 460 1030 septies
498 946 623 1009 neniam
661 946 750 1009 fratri
786 946 915 1011 relaxari
951 946 1085 1023 iuberet,
1123 948 1160 1011 ut
1197 946 1265 1009 eins

121 1054 388 1136 contemplatione
417 1055 592 1116 conuentus
622 1053 705 1116 llsan
734 1053 891 1132 iniuriam,
921 1072 1014 1135 qnam
1043 1072 1076 1116 se
1105 1052 1267 1133 accepisse

120 1161 263 1243 putabat,
287 1160 463 1224 remitteret
486 1160 575 1223 fratri
595 1162 627 1223 ct
645 1160 791 1240 quamuis
809 1160 915 1224 laesus
935 1159 1052 1224 rediret
1068 1160 1100 1223 in
1119 1142 1266 1242 gratiam,
1314 1164 1390 1218 468.

121 1268 196 1350 quia
227 1271 394 1350 propterea
426 1270 634 1348 suscepturus
668 1271 735 1330 erat
767 1285 889 1330 carnem
925 1266 1070 1331 dominus
1107 1266 1198 1330 Iesus
1236 1270 1269 1330 et
1300 1296 1313 1335 s

121 1378 275 1439 uenturus
308 1375 340 1438 in
373 1377 482 1451 terras,
511 1378 548 1437 ut
575 1373 820 1455 multiplicatam
853 1373 944 1438 nobis
978 1373 1108 1438 donaret
1139 1372 1265 1437 ueniam

121 1480 321 1546 delictorum.
733 1547 735 1556 ,

76 1585 119 1648 28
165 1588 309 1670 Denique
337 1588 496 1670 petiturus
525 1607 544 1651 a
570 1588 664 1651 fratre
689 1587 887 1653 concordiam
912 1588 1064 1652 dormiuit
1086 1588 1117 1651 in
1143 1587 1267 1653 castris.

120 1695 261 1774 perfecta
288 1695 392 1759 uirtus
421 1695 517 1759 babet
545 1695 808 1777 tranquillitatem
837 1698 870 1759 et
896 1695 1104 1759 stabilitatem
1134 1694 1266 1776 quietis;

120 1801 191 1866 ideo
225 1801 371 1865 dominus
404 1802 520 1866 donum
554 1803 622 1865 eius
654 1802 896 1884 perfectioribus
927 1803 1105 1866 reseruauit
1142 1801 1264 1865 dicens:
1286 1829 1312 1868 ιο

121 1927 256 1989 pacem
277 1929 401 1973 nreanr
420 1909 606 1990 relinquo
626 1909 756 1986 uobis,
775 1929 912 1992 pacem
931 1928 1052 1973 meam
1074 1908 1118 1973 do
1142 1908 1264 1971 uobis.

120 2015 332 2094 perfectorum
356 2020 406 2080 est
429 2016 510 2080 enim
535 2036 594 2081 non
615 2017 708 2080 facile
727 2017 895 2081 mundanis
914 2017 1045 2092 moueri,
1065 2035 1125 2080 non
1144 2015 1268 2079 turbari
1328 2017 1351 2071 B

121 2124 219 2198 metu,
240 2142 299 2185 non
321 2123 472 2205 exagitari
492 2122 681 2205 suspicione,
701 2143 763 2187 non
781 2127 899 2188 terrore
919 2124 1056 2197 concuti,
1076 2142 1137 2187 non
1157 2122 1265 2187 dolore

121 2228 237 2305 uexari,
267 2227 323 2292 sed
356 2229 447 2309 quasi
480 2229 511 2291 in
544 2230 637 2293 litore
669 2230 833 2294 tutissimo
867 2231 1036 2295 aduersum
1063 2230 1266 2313 insurgentes

120 2336 236 2399 fluctus
252 2335 463 2400 saecularium
476 2336 686 2415 procellarum
701 2341 838 2400 mentem
853 2337 1038 2401 inmobilem
1053 2336 1115 2400 fida
1129 2336 1266 2401 statione
1287 2361 1311 2400 a

121 2441 288 2523 placidare.
326 2441 386 2507 hoc
423 2441 656 2506 firmamentum
695 2442 883 2507 Christianis
921 2443 1080 2508 mentibus
1118 2442 1266 2507 Christus

121 2547 251 2623 inuenit,
275 2568 386 2630 pacem
409 2549 564 2613 internam
589 2548 741 2613 inuelrens
765 2549 879 2613 animis
902 2550 1117 2631 probatorum,
1141 2551 1178 2612 ut
1204 2569 1266 2613 non

121 2655 266 2719 turbetur
295 2675 348 2720 cor
374 2659 517 2720 nostrum
546 2674 647 2737 neque
676 2656 854 2738 exagitetur
881 2657 1014 2721 animus.
1052 2656 1132 2720 hanc
1153 2674 1266 2736 pacem

121 2781 216 2844 super
243 2781 366 2825 omnem
396 2766 534 2825 mentem
563 2781 634 2826 esse
658 2765 823 2843 apostolus
848 2763 958 2827 doctor
980 2763 1119 2826 asseruit
1142 2762 1265 2826 dicens:

122 2872 160 2932 ct
183 2887 255 2950 pan
280 2869 352 2943 dci,
374 2889 473 2951 quae
493 2874 660 2950 superat
680 2888 830 2933 omnem
851 2875 1032 2946 mentem,
1054 2868 1268 2934 custodiet
1286 2871 1353 2934 200

122 2975 241 3039 corda
265 2980 405 3040 uestra
429 2979 467 3038 ct
491 2995 636 3039 sensus
656 2976 694 3038 in
715 2976 880 3041 Christo
900 2977 1003 3041 lesu.
1019 2976 1142 3040 fructus
1158 2976 1266 3058 itaque

122 3081 208 3165 pacis
233 3085 365 3147 estnon
389 3081 564 3163 perturbari
589 3083 619 3144 in
645 3087 783 3162 pectore.
810 3082 943 3164 denique
967 3083 1034 3146 nita
1057 3083 1134 3146 iusti
1160 3083 1269 3164 quieta

122 3196 181 3263 est,
206 3188 345 3253 iniustus
369 3192 475 3252 autem
500 3189 728 3271 inquietudinis
749 3194 781 3253 et
799 3190 1045 3270 perturbationis
1069 3191 1182 3270 plenus
1207 3194 1266 3254 est.

120 3295 227 3375 itaque
247 3296 383 3378 amplius
404 3296 471 3359 suis
487 3297 721 3379 suspicionibus
737 3296 898 3379 adfligitur
911 3297 1029 3377 impius
1045 3315 1140 3377 quam
1155 3295 1267 3360 alienis

122 3401 263 3484 plerique
282 3403 465 3467 uerberibus
486 3403 684 3483 maioresque
705 3403 824 3467 uibices
845 3404 1009 3466 uulnerum
1029 3403 1059 3466 in
1077 3403 1144 3467 eius
1161 3403 1266 3466 animo
1285 3428 1310 3467 aa

211 3630 227 3682 8
248 3628 315 3683 Gen.
336 3631 378 3692 32,
399 3629 431 3682 21
490 3630 520 3683 11
542 3629 599 3685 loh.
622 3631 663 3693 14,
684 3631 717 3683 27
775 3631 807 3683 19
827 3629 946 3699 Philipp.
966 3632 992 3692 4,
1013 3629 1027 3682 7

159 3755 222 3807 fise
240 3753 323 3806 laxari
343 3752 426 3806 Ama)
445 3753 526 3806 laxari
547 3754 588 3809 ‘21³‘
649 3760 679 3807 ut
698 3758 744 3806 aa?
762 3771 795 3807 ea·
814 3758 842 3806 ct
860 3755 887 3806 P
931 3757 1073 3807 acarnani
1092 3758 1266 3822 suscepturus

123 3845 182 3895 erat
205 3841 259 3894 VN
262 3842 286 3894 T
368 3844 384 3895 9
404 3842 503 3911 qnietis
518 3851 583 3910 post
602 3843 686 3896 habet
705 3849 892 3910 transponunt
910 3844 948 3895 N‘
1023 3844 1054 3895 11
1075 3843 1197 3912 relinquo
1214 3885 1220 3896 .
1236 3885 1264 3897 ..

124 3930 169 3998 ilo]
189 3930 222 3984 do
239 3975 243 3985 .
261 3974 266 3983 .
284 3973 289 3984 .
304 3931 426 4000 relinquo
450 3931 503 3984 VT
567 3933 599 3985 12
619 3932 772 4001 profectori]
791 3934 817 3984 A
886 3933 918 3985 13
938 3932 1087 4000 suspitione
1106 3931 1269 3988 APo1⁴u¹⁴r

123 4020 294 4089 susceptione
313 4022 337 4075 dl
389 4021 421 4072 14
441 4020 533 4073 littore
550 4024 573 4072 A
628 4022 660 4073 15
678 4020 748 4073 fidas
763 4025 788 4087 (e
807 4025 889 4084 erus.)
910 4020 965 4072 AP
981 4019 1036 4073 fida
1058 4020 1083 4072 Τ
1101 4026 1128 4084 (a
1147 4037 1180 4074 ec
1199 4032 1223 4086 e)
1238 4020 1270 4073 E

125 4114 153 4167 (a
171 4126 204 4163 ec
223 4114 248 4175 ii)
269 4109 332 4162 fidei
356 4109 382 4161 V
454 4110 485 4162 17
505 4110 632 4162 interram
655 4116 733 4174 (corr.
753 4112 855 4177 2122le
926 4111 958 4162 19
977 4110 1106 4179 mentem]
1127 4126 1220 4180 pacem
1239 4112 1265 4162 A

122 4200 204 4265 (corr.
224 4203 281 4257 2112)
300 4199 327 4250 P
402 4200 437 4252 20
456 4202 484 4251 et
502 4203 549 4251 aaa
566 4200 597 4251 ia
615 4216 670 4252 ras,
691 4200 718 4252 P
807 4203 949 4268 exsuperet
972 4199 997 4251 V
1015 4203 1056 4263 (en
1074 4215 1095 4252 s.
1115 4215 1142 4251 u.
1162 4202 1220 4265 m2)
1244 4198 1268 4251 T

124 4289 148 4356 qs
166 4304 187 4342 s.
207 4291 246 4342 ab
267 4292 395 4355 exuperat
414 4287 488 4343 ar‘n'
576 4287 712 4341 custodiet
730 4290 756 4341 A
777 4294 807 4354 (a.
827 4292 856 4341 at
874 4291 930 4353 m2)
951 4288 983 4343 ll'
1002 4288 1081 4356 (cor-r.
1102 4291 1154 4353 -at)
1175 4290 1264 4340 custo-

124 4377 181 4429 diat
204 4376 354 4433 Vatum
442 4378 476 4429 22
495 4376 630 4445 psturbari
653 4382 677 4433 (e
697 4378 778 4444 eros.)
798 4380 824 4430 A
933 4377 1044 4444 diniquc
1063 4379 1089 4430 A
1110 4388 1189 4439 (corr.
1209 4377 1266 4445 aeft)

124 4467 159 4519 24
178 4465 233 4518 suis
251 4466 279 4517 A
297 4465 320 4533 (s
341 4466 388 4520 ult.
408 4481 429 4518 s.
449 4483 475 4518 u.
495 4469 552 4531 ²722)
636 4469 669 4520 ‘25
690 4467 791 4519 niuices
815 4467 840 4518 V
859 4468 937 4534 (corr.
956 4472 1012 4525 aaa)
1032 4467 1056 4520 a
1076 4465 1178 4519 uiuicet
1196 4468 1223 4518 A
1242 4471 1267 4518 et

124 4558 164 4606 ml
182 4554 210 4606 P
227 4556 288 4608 uiae
306 4555 389 4607 Pma
410 4554 435 4606 T
452 4556 525 4609 uices
544 4555 581 4607 N‘
