2804 5168
146 662 211 726 380
608 657 827 727 [Ambrosii]

147 856 179 918 et
200 853 376 929 Ismenias,
402 853 487 917 sicut
509 852 692 917 Matthaeus
717 852 917 937 euangelista
939 852 1118 936 descripsit,
1143 853 1300 917 adnume-

144 963 254 1023 rantur
289 959 462 1024 maioribus
502 959 632 1036 Christi,
668 963 706 1023 ut
742 979 851 1024 omnes
888 959 1032 1024 homines
1069 959 1298 1041 redempturus

144 1066 333 1131 beneficium
363 1085 381 1130 a
409 1066 475 1130 suis
504 1067 677 1131 maioribus
700 1067 874 1144 inchoaret,
899 1068 1057 1132 simulne
1081 1067 1135 1150 qui
1159 1086 1195 1130 se
1220 1067 1298 1131 sub-

145 1172 221 1237 iecit
251 1192 354 1255 usque
387 1173 427 1237 ad
460 1173 600 1256 corporis
633 1174 813 1255 passionem
845 1174 1046 1238 nobilitatem
1075 1174 1222 1256 captasse
1249 1173 1297 1236 in·
1359 1175 1379 1227 F

144 1279 322 1344 maculatae
347 1279 476 1363 originis
500 1280 680 1355 uideretur3
705 1281 870 1345 hominum
890 1281 972 1344 enim
991 1281 1055 1344 ista
1072 1279 1226 1344 iactantia
1244 1283 1295 1344 est
1327 1303 1339 1339 a

145 1385 279 1449 alienam
314 1387 457 1470 gloriam,
491 1407 551 1450 non
586 1406 676 1451 suam
706 1406 873 1469 quaererc;
903 1391 1066 1451 ettamen
1093 1387 1177 1450 inter
1203 1385 1295 1468 ipsos

144 1491 290 1557 homines
327 1494 428 1557 maior
463 1493 594 1558 uirtutis
629 1512 723 1575 quam
756 1493 932 1558 nobilitatis
967 1496 1016 1558 est
1049 1492 1159 1576 gratia.
1194 1492 1294 1556 simul

145 1599 301 1663 edendum
336 1601 513 1682 exemplum
546 1601 618 1675 fnit,
656 1600 951 1684 utintellegerent
988 1619 1097 1664 omnes
1135 1598 1294 1663 maiorum

143 1705 258 1788 probra
294 1725 354 1771 non
390 1725 484 1788 posse
517 1707 653 1789 posteris
686 1726 756 1771 esse
790 1707 946 1783 dedecori,
971 1707 1055 1788 quod
1087 1705 1294 1787 unusquique

146 1812 357 1876 successionis
382 1815 539 1876 nauculam
562 1814 706 1895 propriae
728 1814 842 1877 morito
865 1816 976 1896 posset
998 1813 1124 1876 abolere
1147 1811 1291 1875 uirtutis.
1313 1839 1337 1876 n

145 1917 236 1982 uides
261 1922 396 2000 quantos
420 1922 569 2001 utquam
594 1921 733 2002 grauiter
756 1920 942 1984 criminosos
967 1918 1142 1985 dominicae
1162 1935 1292 2002 genera·
1337 1920 1402 1973 719

144 2023 241 2088 tionis
280 2025 378 2090 series
414 2027 657 2109 conprehendat,
695 2026 733 2090 de
771 2046 904 2108 quorum
942 2027 1061 2110 origine
1098 2028 1227 2108 propter
1258 2028 1291 2087 te

145 2131 232 2194 nasci
258 2130 405 2196 Christus
429 2152 488 2197 non
515 2132 667 2196 crubuit?
692 2135 723 2196 et
742 2132 819 2196 haec
839 2134 866 2197 si
887 2133 1005 2210 credas,
1026 2131 1151 2196 diuinae
1170 2130 1293 2195 miseri-

145 2237 269 2301 cordiae
297 2237 328 2301 in
356 2243 389 2302 te
416 2258 548 2303 munera
572 2242 647 2304 sunt
670 2242 703 2303 et
726 2240 786 2303 hoc
810 2240 957 2304 caelestis
981 2239 1107 2321 insigne
1131 2241 1181 2302 est
1203 2240 1292 2320 potc-

145 2344 255 2421 statis;
298 2345 568 2427 superabundauit
610 2346 693 2409 euim
732 2349 908 2427 peccatum,
948 2350 984 2409 ut
1021 2343 1293 2427 superabundaret
1312 2371 1335 2407 na

144 2451 255 2533 gratia.
288 2470 349 2515 non
383 2451 479 2515 fuerit
510 2453 610 2535 igitur
641 2451 746 2516 Dauid
779 2456 928 2534 exceptus
962 2472 980 2516 a
1008 2452 1112 2534 culpa,
1140 2454 1178 2514 ut
1205 2453 1292 2514 esset

144 2558 265 2623 electus
289 2559 328 2622 ad
352 2559 495 2643 gratiam.

101 2665 144 2728 34
191 2663 252 2729 Sed
279 2666 342 2729 iam
371 2665 522 2747 mysteria
549 2665 650 2748 ipsius
675 2683 895 2729 recenseamus
918 2664 1070 2728 historiae
1095 2666 1127 2727 et
1150 2682 1187 2727 ex
1208 2662 1289 2745 ipsis

145 2771 373 2853 scripturarum
410 2771 551 2836 fontibus
588 2771 773 2835 hauriamus
809 2776 904 2853 atque
940 2774 977 2834 ut
1014 2790 1139 2835 ornnem
1176 2771 1290 2834 seriem
1353 2774 1373 2826 B

145 2878 370 2959 mysteriorum
398 2877 603 2960 introspicere
631 2878 803 2960 possimus,
833 2880 955 2941 textum
983 2877 1085 2961 ipsius
1108 2880 1290 2958 repetamus
1308 2902 1333 2941 ao

145 2985 305 3048 historiae.
330 2985 377 3048 sic
400 3003 512 3068 nempe
531 2985 563 3049 in
582 2985 662 3050 libro
682 2986 863 3068 Regnorum
882 2984 1085 3049 meminimus
1105 3001 1288 3064 expressum

146 3109 182 3154 eo
207 3091 290 3172 quod
314 3089 418 3154 Dauid
443 3109 515 3155 cum
538 3092 697 3157 leuantem
723 3092 860 3156 uidisset
881 3092 1047 3167 Betsabee‚
1073 3089 1129 3155 Uri
1151 3108 1289 3163 uxorem,

146 3197 350 3271 adamouerit,
385 3196 495 3261 deiude
529 3197 659 3262 domum
693 3200 800 3263 uenire
832 3197 1036 3280 praeceperit,
1071 3217 1144 3261 cum
1177 3196 1289 3260 absens

147 3307 233 3367 esset
260 3302 310 3366 uir
337 3303 492 3367 mulieris.
522 3323 582 3367 non
612 3305 714 3368 multo
742 3308 817 3386 post
844 3304 992 3368 maritum
1017 3305 1085 3369 eius
1108 3322 1289 3387 regressum

147 3428 217 3473 esse
245 3410 391 3474 nuntium
419 3411 508 3489 belli,
538 3412 723 3494 religiosum
753 3431 826 3475 sane
855 3415 887 3475 et
914 3411 1065 3475 deuotum
1094 3409 1211 3489 uimm,
1236 3409 1333 3503 quinas

145 3517 221 3582 belli
250 3522 390 3602 tempore
418 3539 479 3584 non
509 3519 669 3602 putauerit
697 3519 759 3583 sibi
787 3519 1023 3603 ingrediendam
1052 3518 1192 3593 domurn,
1217 3535 1289 3580 cum

235 3781 251 3834 3
270 3781 388 3849 Philipp.
408 3781 432 3842 2,
452 3779 468 3832 8
525 3780 557 3831 15
576 3778 652 3831 Boni.
673 3781 697 3839 5,
718 3779 752 3832 20
807 3778 839 3830 21
860 3779 927 3847 ch.
946 3777 974 3831 II
994 3780 1035 3839 11,
1055 3777 1071 3830 2
1091 3795 1149 3848 sqq.

183 3954 339 4008 lmatheus
359 3955 425 4007 iicet
479 3952 715 4021 euuangelinar
772 3951 937 4021 describit]
991 3952 1290 4022 2redempturcsBT‘

146 4043 162 4096 3
181 4042 316 4096 beneficus
335 4043 368 4095 12⁴
389 4042 526 4095 beneficiis
546 4042 601 4093 suis
620 4040 655 4092 13⁴
732 4040 873 4093 inchoaret
893 4058 907 4094 a
927 4042 982 4094 suis
1000 4041 1185 4112 irraioribusq
1257 4057 1289 4093 ne

147 4132 191 4200 qui
211 4148 239 4183 so
263 4132 318 4184 TN
320 4132 384 4183 rB‘
403 4147 436 4184 ne
455 4147 509 4182 non
528 4130 562 4182 1³¹
582 4147 615 4181 nc
635 4129 694 4199 quis
714 4146 743 4182 se
762 4135 808 4183 cet.
896 4130 1011 4183 subiecit
1030 4146 1114 4199 usquc
1134 4128 1169 4182 nd
1188 4145 1210 4184 c.
1228 4146 1289 4198 pus·

146 4221 248 4272 sionem
271 4219 325 4271 TN
343 4217 532 4287 subiectosque
554 4218 739 4286 (subies-toque
759 4218 793 4280 P,
813 4217 987 4286 sublatosque
1005 4217 1043 4280 1),
1063 4216 1200 4271 subiectos
1219 4218 1253 4284 X)
1274 4235 1288 4271 u

147 4314 209 4372 (ona.
228 4307 263 4373 X)
285 4324 306 4360 c.
326 4306 451 4375 passione
471 4307 653 4374 (passionibus
673 4307 718 4376 P)
738 4313 784 4359 cet.
874 4306 890 4359 8
911 4306 1072 4359 euidendmn
1092 4307 1124 4361 N
1197 4322 1289 4360 ornnes

144 4396 366 4464 intelligerentp
442 4394 473 4447 10
491 4395 578 4463 possit
601 4394 684 4448 'I’ND
755 4396 786 4448 21
808 4411 901 4463 regum
920 4395 990 4448 B‘P¹
1063 4396 1097 4448 22
1115 4394 1292 4465 betsabeqY

145 4484 273 4537 betsabee
292 4484 329 4535 M
346 4482 494 4536 bethsabee
513 4483 559 4536 uel
578 4501 621 4554 -cq
642 4489 687 4537 cet.
761 4483 803 4535 uri
827 4483 852 4535 Τ
869 4490 893 4535 ct
911 4488 954 4535 mi
970 4482 1004 4536 N
1021 4483 1088 4551 (urie
1107 4487 1165 4549 ηυξ)
1186 4483 1236 4537 uiri
1255 4484 1292 4537 M

144 4574 219 4625 uriae
237 4577 283 4625 cet.
339 4573 372 4624 24
392 4572 507 4624 nantum
526 4590 544 4641 χ
616 4573 740 4637 moritum
761 4576 788 4635 (a
805 4587 826 4624 s.
847 4574 872 4637 c)
895 4572 919 4624 T
