2804 5168
1 29 3 46 ¹
49 27 97 50 [ΗΛ
126 29 189 51 turn
216 33 352 68 Dilmun·
381 38 489 51 nuum»

5 103 81 157 rturn
108 97 263 157 sectiones
290 98 498 159 eontinentur.
525 97 582 157 etsi
610 99 814 179 neglegenter

1 230 3 260 ε
31 204 117 264 uitiis
143 209 288 283 turpatus
315 209 418 264 tamen
445 204 567 264 rlnolius
599 205 675 265 loeis
703 206 775 270 tri,
802 207 820 265 :3

4 309 56 372 Ἧ
80 328 171 372 ueras
197 311 370 389 scripturus
396 311 579 392 ser·uauit¹).
607 330 706 390 neque
732 330 805 374 uero

0 434 60 479 am
94 414 260 480 deformati
295 417 328 478 ct
359 415 450 479 foede
483 416 676 498 interpolati,
705 418 743 493 si,
774 420 811 481 ut

9 522 166 599 omittam,
185 523 242 585 has
266 521 434 586 lectionesa
460 523 535 598 445,
558 523 612 596 15;
637 523 713 603 447,
734 525 753 586 4
774 527 831 588 et?

23 630 80 704 213
105 629 182 704 454,
213 630 233 692 6
263 629 449 710 respexeris,
477 628 568 712 parui
595 628 732 694 faciendi
759 635 830 694 suut

0 756 50 800 rna
70 753 179 800 eorum
199 753 279 817 quae
299 734 535 817 disputauimus
555 736 727 814 faciamus,
740 736 772 800 in
792 736 829 801 he

4 861 21 907 o
41 840 161 907 codicis
179 841 361 924 Puestigia
378 841 548 923 premenda
568 861 637 907 esse
657 842 796 925 adparet,
810 842 828 907 it

20 968 52 1012 m
84 947 175 1013 RGH
199 985 242 993 —
265 966 337 1011 nam
367 949 473 1027 ceteri,
503 948 530 1013 si
559 951 753 1033 corruptelas
781 969 824 1032 qu

0 1056 135 1120 ublatas
160 1055 329 1138 exceperis,
353 1056 473 1120 nullius
502 1055 629 1121 omniuo
658 1055 811 1120 momenti

0 1162 60 1227 tio
84 1161 249 1226 habeatur.

1 1269 15 1331 i
46 1272 171 1351 praeter
202 1268 265 1332 PP‘
301 1271 332 1332 et
359 1267 601 1332 laudunensem
631 1267 698 1331 siue
727 1267 823 1334 dubio

3 1375 208 1457 antiquiorem
233 1373 357 1439 codices
382 1378 524 1438 recentes
547 1374 745 1457 turpiterque
773 1375 823 1439 int

13 1485 57 1560 nt,
82 1500 161 1564 quos
186 1500 247 1546 nou
272 1480 390 1545 curaui.
415 1481 495 1546 libro
521 1479 550 1546 G
572 1501 650 1546 usus
675 1484 724 1546 est
742 1483 821 1546 Amo

10 1588 129 1653 ueteris
153 1607 179 1652 a.
202 1588 223 1651 l.
249 1591 282 1650 et
304 1606 344 1664 a,
368 1587 459 1651 cuius
478 1587 560 1651 Hain
583 1588 598 1652 I
621 1608 651 1670 p.
679 1590 739 1651 101
761 1589 822 1653 nt

0 1695 63 1771 cit,
88 1694 301 1776 inspiciendae
325 1713 375 1758 me
399 1694 584 1758 facultatem
609 1713 670 1758 non
698 1693 820 1758 habuisa

0 1801 34 1866 :d
52 1801 169 1865 librum
189 1800 227 1864 de
250 1799 463 1864 Nabuthae
486 1799 664 1876 ueniamus,
683 1800 715 1863 in
736 1818 820 1882 quo*

2 1912 113 1972 rtunae
136 1906 315 1989 iniquitate,
340 1926 433 1988 quam
459 1925 552 1987 supra
577 1907 742 1987 conquesti
770 1925 819 1972 sur

2 2014 52 2077 bis
76 2018 202 2096 paratae
226 2017 302 2078 sunt
325 2013 540 2078 difficultates.
563 2032 636 2076 nam
660 2013 691 2075 iu
716 2013 816 2078 Pan‘si

2 2147 19 2180 o
58 2121 90 2184 in
119 2120 178 2184 hoc
207 2139 333 2201 quoque
362 2119 471 2184 libello
495 2124 657 2202 tamquam
681 2119 817 2203 signiferi

30 2227 186 2291 sectiones
213 2225 431 2291 I—XXVllll
460 2229 493 2289 et
516 2226 694 2290 tricesimae
718 2226 816 2291 initiu:

8 2353 38 2396 m
73 2353 90 2397 a
122 2333 218 2398 uerbo
251 2333 420 2399 ‘miserius‘
448 2333 524 2409 484,
551 2334 590 2395 15
614 2369 658 2378 -
681 2333 815 2397 solioruu

1 2442 65 2504 unt
88 2459 201 2522 neque,
222 2440 282 2504 etsi
306 2439 426 2503 multos
445 2438 542 2502 libros
563 2442 618 2503 aut
637 2439 757 2504 contuli
778 2459 814 2503 uu

8 2548 14 2556 ·
200 2551 204 2563 ·
343 2546 357 2567 ,ε
383 2565 408 2570 ..
438 2545 472 2572 ,Δ
501 2545 674 2580 „nmium
702 2565 794 2584 mmm
