2804 5168
113 671 156 734 60
585 665 782 720 Ambrosii

113 863 276 946 proposita
293 881 504 927 reseruemus.
523 862 595 944 quis
615 881 720 927 escam
738 862 873 943 imperet
894 862 1029 930 liberis?
1053 863 1124 944 quis
1149 873 1258 927 autem

115 990 148 1035 se
181 969 347 1034 ridendum
379 968 538 1053 praebeat,
567 973 605 1034 ul
632 969 662 1033 in
693 972 753 1035 boc
781 969 925 1034 seruiat?
955 968 1012 1032 sed
1039 988 1100 1033 non
1127 969 1258 1033 ridebis.

115 1099 174 1143 non
204 1097 275 1142 sum
303 1076 349 1141 ita
376 1095 481 1154 senex,
505 1081 542 1140 ut
564 1077 643 1140 mihi
668 1096 728 1140 non
751 1077 939 1141 iuuenescat
960 1077 1057 1140 animi
1080 1076 1260 1141 fortitudo?

68 1179 115 1244 44
161 1185 342 1267 Suspensus
366 1184 474 1267 itaque
495 1183 659 1248 cumhinc
679 1184 860 1266 atqueinde
881 1184 1022 1266 grauiter
1040 1184 1261 1249 uerberaretnr

115 1311 172 1357 uec
204 1292 267 1355 iarn
298 1292 417 1355 ferrent
448 1291 561 1355 senilia
592 1291 734 1355 membra
764 1290 932 1355 uerborum
964 1310 1092 1372 poenas,
1129 1289 1260 1354 lassatis
1292 1311 1305 1348 s

117 1398 315 1465 carnificibus
339 1401 434 1480 alque
458 1398 675 1464 extensoribus
699 1398 729 1461 in
754 1401 868 1461 terram
892 1397 1031 1461 deflexus
1058 1397 1261 1461 inflexibilem

116 1508 256 1571 ruentem
279 1506 419 1589 gerebat.
443 1508 476 1569 ei
499 1505 627 1588 quidam
650 1525 706 1569 seu
725 1507 914 1589 longaeuam
932 1505 1103 1568 miseratus
1123 1506 1262 1568 aetatem

117 1633 173 1677 seu
201 1611 441 1695 temptamentis
475 1611 702 1677 circumuenire
736 1612 916 1676 desiderans
950 1611 1124 1693 ‘responde‘
1157 1610 1262 1692 iuquit

115 1718 348 1783 ‘tautummodo
371 1723 403 1782 te
428 1718 710 1783 manducaturum:
738 1738 795 1785 nos
824 1725 856 1782 te
885 1738 975 1784 escae
1004 1719 1072 1783 eius
1099 1719 1261 1782 inmunem
1307 1745 1359 1798 475

115 1825 370 1910 praestabimus’.
395 1824 501 1890 atille
522 1827 681 1890 olamans:
706 1828 914 1909 ‘nequaquam
934 1826 1100 1908 contingat
1117 1825 1205 1899 mihi,
1226 1828 1263 1890 ut
1282 1844 1307 1883 ιο

117 1933 189 1996 barn
220 1952 313 1996 senex
340 1932 538 1997 inceubiuum
560 1933 712 1997 iuuenilis
737 1933 861 2005 erroris,
886 1933 940 2014 qui
963 1933 1026 1996 huc
1050 1951 1152 2013 usqne
1176 1951 1263 1995 eram

117 2040 268 2104 salutaris
283 2040 384 2104 forma
399 2040 550 2105 instituti.
566 2040 616 2104 his
633 2059 706 2124 ergo
725 2040 883 2112 ludibriis,
899 2044 937 2103 ut
954 2039 1121 2121 paululum
1141 2040 1261 2116 uiuam,

118 2146 264 2210 lucrabor
305 2150 338 2209 ot
378 2147 477 2210 totius
520 2146 606 2210 uitae
647 2147 773 2210 labores
815 2146 958 2210 addicam
999 2146 1106 2209 breuis
1143 2145 1263 2210 uiatico

118 2251 319 2318 senectutis?
344 2254 491 2315 senectus
515 2255 627 2334 portus
652 2251 748 2315 debet
770 2270 851 2328 esse,
875 2271 935 2315 non
956 2251 1156 2334 naufragium
1176 2251 1264 2315 uitae

118 2358 301 2440 superioris.
327 2376 387 2423 uon
408 2358 591 2441 renegabo,
611 2358 661 2422 lex
679 2357 791 2440 patria,
810 2377 871 2422 non
892 2357 1043 2421 abiurabo
1063 2377 1133 2434 noc,
1153 2362 1265 2421 sancta
1284 2375 1308 2415 1⁵

117 2465 269 2529 instituta
297 2464 464 2539 maiorum,
492 2483 553 2528 non
583 2463 769 2529 decolorabo
797 2482 867 2535 uos,
896 2464 1014 2528 infulae
1038 2464 1262 2542 sacerdotales,

120 2590 181 2636 uon
205 2575 237 2634 te
260 2570 408 2652 perfidiae
431 2569 561 2651 puluere
584 2571 719 2653 turpabo
738 2572 854 2653 palam,
874 2571 1023 2636 canities‘.
1043 2570 1119 2652 quid
1137 2571 1262 2636 nrulta?
1325 2591 1348 2645 B

119 2677 316 2741 inmoriendo
346 2677 512 2741 tormentis
537 2677 640 2741 factus
665 2682 714 2741 est
737 2677 851 2741 ceteris
874 2677 1096 2759 magisterium
1118 2696 1264 2759 perseue-

120 2785 250 2862 rantiae,
284 2784 338 2864 qui
372 2784 493 2848 electus
526 2785 594 2846 erat
626 2783 665 2846 ad
696 2783 890 2847 infirmitatis
925 2784 1112 2864 exemplum.
1150 2783 1264 2847 beatus

121 2890 230 2973 igitur,
259 2891 291 2953 in
320 2908 382 2971 quo
411 2908 471 2953 non
501 2893 674 2972 potueruut
701 2893 859 2954 tormenta
886 2891 1040 2955 rationem
1064 2889 1201 2953 uincere.
1227 2910 1265 2953 an
1284 2906 1310 2947 ro

123 3016 182 3060 uon
216 2997 329 3063 beatus
363 2996 418 3077 qui
451 2997 556 3078 potuit
586 2997 707 3060 ouante
739 2997 834 3060 animi
859 2984 967 3060 'uictor
995 3015 1064 3060 esse
1092 3016 1266 3078 poenarum

213 3294 229 3345 2
249 3291 282 3345 de
301 3291 384 3345 Mace.
404 3293 464 3352 397.
483 3294 517 3345 47
586 3293 603 3344 3
623 3291 655 3345 de
675 3292 758 3347 Maec.
778 3292 839 3348 397.
859 3292 893 3343 50
959 3293 976 3344 l
996 3291 1028 3344 de
1047 3291 1131 3344 Mace.
1151 3291 1213 3353 398,
1236 3293 1267 3345 15

125 3385 140 3434 5
160 3380 193 3433 de
212 3379 295 3434 Maco.
315 3381 377 3444 398,
397 3382 430 3434 23
451 3385 478 3434 et
497 3383 531 3434 29
593 3383 608 3433 7
629 3381 661 3434 de
680 3381 768 3433 Mace·
784 3381 844 3436 398.
864 3380 898 3433 32
962 3380 979 3433 8
999 3380 1133 3433 deliaco.
1153 3380 1214 3442 393,
1234 3381 1267 3433 37

128 3469 159 3523 10
178 3469 261 3523 Maec.
280 3469 309 3522 ΙΙ
328 3471 352 3533 6,
373 3471 407 3523 24
426 3487 466 3539 sq.
486 3475 515 3522 el
533 3471 568 3524 28
588 3470 620 3523 de
639 3471 723 3523 Mace.
744 3469 805 3525 398,
826 3470 859 3521 39
935 3470 968 3521 12
986 3470 1070 3521 Maec.
1090 3468 1117 3520 11
1137 3469 1162 3534 6,
1181 3470 1215 3521 25
1236 3467 1269 3521 de

123 3558 208 3612 Mace.
228 3559 289 3616 393.
309 3561 342 3614 47
465 3562 495 3612 15
515 3559 547 3612 de
571 3560 654 3612 Maec.
679 3558 740 3615 398.
763 3559 773 3611 1
797 3575 854 3627 sqq.
976 3558 1007 3609 16
1032 3558 1114 3610 Maec.
1139 3557 1166 3610 ll
1189 3559 1214 3615 6.
1235 3558 1269 3610 23

128 3648 159 3699 18
179 3649 262 3701 Illaec.
282 3649 309 3702 ΙΙ
328 3650 352 3711 6,
372 3650 406 3702 23
426 3652 453 3702 et
472 3651 504 3701 31
600 3651 630 3701 19
651 3648 683 3700 de
703 3647 786 3701 Marc.
806 3648 867 3710 400,
888 3649 904 3700 2
994 3648 1028 3700 20
1053 3647 1085 3699 de
1103 3646 1187 3699 Maec.
1208 3647 1269 3709 399,

126 3738 160 3791 13
180 3743 207 3791 et
228 3739 259 3790 17

165 3953 177 4003 1
199 3967 287 4003 eseam
307 3950 331 4001 A
354 3951 376 4005 (s
396 3949 427 4001 ia
446 3960 514 4012 rus.)
571 3949 586 4001 2
606 3952 637 4001 ul
652 3948 713 4005 ΑΡ,
732 3964 752 3999 s.
772 3965 799 3999 u.
824 3947 854 4004 Τ,
874 3964 924 4000 om.
946 3946 977 3999 Ν
1045 3945 1145 3999 ridebis
1164 3947 1271 4014 scripse)

125 4039 162 4104 ef.
184 4039 216 4092 de
234 4039 325 4091 llaec.
348 4040 415 4100 397,
445 4041 482 4089 47
506 4036 562 4088 ἀλλ’
586 4036 615 4087 ob
642 4035 771 4105 γελάσας
799 4035 899 4088 ridebit
922 4036 951 4088 D
974 4035 1032 4103 (7112
1054 4035 1198 4099 ridebitur)
1223 4041 1270 4089 cel.

126 4130 144 4182 5
164 4127 261 4179 senilia
279 4127 307 4179 A
327 4126 357 4192 (li
376 4141 397 4178 a.
417 4137 455 4187 a.)
521 4127 537 4177 6
558 4123 675 4176 deflexus
694 4124 721 4175 A
741 4123 774 4189 (is
794 4127 840 4174 ma
857 4138 878 4174 a.
899 4127 940 4189 us)
961 4120 1069 4175 deflexis
1088 4121 1131 4190 (ua
1149 4137 1171 4173 s.
1191 4122 1224 4186 is)
1249 4122 1275 4174 Τ

129 4215 275 4283 lquideur
294 4216 320 4266 A
341 4212 450 4281 quidam
472 4212 498 4264 T
515 4215 542 4278 (a
560 4229 593 4265 ea
611 4218 636 4277 e)
706 4213 801 4264 aesca
820 4215 867 4263 ma>
886 4226 918 4263 ex
938 4227 998 4263 ecce
1017 4211 1044 4263 A
1119 4210 1151 4262 10
1170 4226 1271 4278 nequa·

127 4322 208 4373 quam
227 4303 318 4370 inquit
341 4302 365 4352 T
384 4301 525 4368 contingat
544 4301 634 4367 inquit
652 4301 686 4353 P‘
733 4301 766 4350 12
786 4298 871 4350 forrna
890 4298 1018 4350 salutaris
1037 4297 1111 4352 rr‘E
1160 4298 1192 4350 13
1211 4296 1271 4350 bre·

129 4395 170 4454 uis
190 4396 213 4448 a
234 4405 257 4458 (a
277 4410 334 4458 erp.
354 4393 411 4455 m3)
431 4390 507 4441 breui
526 4389 585 4441 Dr
640 4390 671 4441 15
691 4387 822 4455 superiori
847 4387 900 4438 VN
956 4388 987 4438 rc
1008 4385 1168 4439 decolorabo
1188 4387 1214 4437 A
1235 4386 1272 4450 (lo

126 4499 149 4535 a.
170 4500 195 4534 a.
215 4485 272 4546 ard)
297 4481 322 4532 Τ
340 4485 383 4545 (ex
402 4478 555 4533 declarabo)
648 4477 827 4530 sacerdotales
847 4478 873 4528 A
892 4475 960 4539 (aleas
979 4492 1011 4528 ac
1031 4476 1070 4541 os)
1164 4475 1195 4527 17
1216 4479 1272 4527 tur·

130 4570 199 4622 bauo
219 4571 245 4621 A
264 4568 378 4621 turbabo
398 4568 479 4624 1²⁵er
551 4567 639 4636 paluru
659 4568 685 4620 P
703 4573 728 4618 et
745 4583 766 4620 a.
786 4583 813 4617 aa.
838 4565 867 4624 Τ,
888 4582 938 4617 om.
959 4570 1005 4617 cel.
