2804 5168
169 724 233 788 226
459 722 462 727 ’
638 720 834 774 Ambrosii

168 918 307 988 tuerit,
332 917 377 981 ab
402 918 521 982 odore
546 934 671 998 aquae
695 916 877 989 florebit,
902 917 1031 979 faciet
1054 919 1187 978 autem
1216 935 1313 979 mes-

157 1044 249 1110 sem
287 1024 397 1089 sicut
439 1024 614 1088 nouella.
656 1023 718 1088 uir
759 1028 891 1088 autem
933 1023 1152 1087 defunctus
1195 1022 1311 1089 abitt.

168 1131 1311 1210 cadensautemmortalislromononultraest.tempore

168 1244 301 1304 autem
334 1240 517 1305 fluctuat
547 1258 661 1303 mare.
696 1238 913 1320 spectauimus
945 1236 1121 1320 prophetici
1155 1235 1311 1299 sermonis

167 1346 327 1418 (sertem)
368 1366 404 1410 er
438 1346 561 1411 duobus
593 1345 795 1410 inferioribus
829 1344 1003 1416 elementia,
1037 1349 1120 1407 terra
1151 1361 1187 1406 ac
1220 1343 1311 1414 mari,
1346 1367 1357 1404 a

168 1473 247 1535 quae
272 1453 356 1517 omni
378 1453 510 1516 iniuriae
536 1452 716 1534 crebrisque
740 1451 985 1532 tempestatibus
1010 1450 1185 1515 subiacent.
1216 1467 1312 1531 quam
1381 1452 1400 1507 0-

167 1559 309 1624 ualidum
347 1563 568 1643 argumentum
603 1561 728 1622 nostrae
766 1558 919 1640 expressit
957 1559 1141 1620 aerumnae!
1176 1559 1310 1632 terrena,

167 1666 280 1748 inquit,
318 1666 460 1749 uirgulta
496 1684 722 1747 nemorosaque
760 1665 917 1732 arborum.
954 1665 1048 1728 etiam
1087 1683 1160 1728 cum
1194 1663 1313 1727 fuerint

167 1775 301 1846 mortua,
337 1772 369 1835 in
411 1791 490 1836 usus
532 1772 647 1836 uitales
689 1776 869 1854 resurgunt.
911 1791 996 1836 mare
1038 1789 1163 1854 quoque
1203 1771 1312 1852 ipsum

166 1883 346 1961 temporum
372 1878 454 1942 solet
476 1878 603 1942 uicibus
627 1879 791 1943 fluctuare.
816 1882 848 1942 at
871 1898 945 1943 uero
969 1898 1040 1942 caro
1059 1881 1168 1942 nostra
1188 1895 1357 1960 sempera

168 1989 331 2049 exaestuat
353 1985 478 2067 sibique
502 1986 571 2068 ipsa
594 1988 768 2068 tempestas
793 1990 922 2050 estnec
946 2004 1096 2066 umquam
1121 2002 1139 2046 a
1168 1983 1310 2048 motibus

168 2093 377 2174 procellarum
400 2092 651 2174 miserandisque
674 2092 847 2176 naufragiis
870 2092 1009 2155 feriatur.

125 2192 168 2255 24
215 2197 307 2263 Cum
336 2204 468 2263 autem
497 2199 719 2274 dormierit,
751 2219 821 2263 non
850 2203 1040 2283 resurget
1063 2217 1191 2278 usque
1226 2198 1310 2262 dum

168 2306 321 2369 eaelum
365 2326 438 2371 nou
476 2306 682 2370 adsuatur.
723 2307 806 2388 quod
844 2307 972 2370 uidetur
1006 2305 1173 2384 declarare,
1211 2305 1311 2371 donec
1376 2317 1398 2370 l)

168 2413 289 2474 caelum
308 2415 460 2483 nouetur;
478 2412 653 2475 eritenim
675 2413 830 2475 caelum
849 2431 993 2477 nouum
1014 2415 1052 2475 et
1070 2415 1178 2475 terra
1196 2430 1310 2484 noua,
1333 2433 1356 2472 n

168 2517 253 2581 sieut
276 2517 429 2601 scripturn
454 2522 512 2582 est.
537 2517 621 2599 quod
645 2519 728 2609 enim
752 2519 897 2583 adsuitur
915 2525 1009 2582 uetus
1032 2522 1091 2594 est,
1111 2518 1195 2600 quod
1215 2521 1312 2582 uetus

168 2627 218 2687 est
244 2623 430 2690 mutabitur.
460 2625 595 2706 denique
625 2625 698 2688 audi
728 2625 902 2689 dicentem:
932 2625 1053 2688 initio
1086 2629 1234 2689 terram
1267 2629 1312 2689 tu

167 2730 366 2805 fundasti,
397 2730 565 2808 domine,
595 2735 633 2795 et
661 2750 782 2813 opera
811 2751 992 2796 manuum
1021 2735 1180 2795 tuarum
1215 2737 1312 2797 sunt

169 2836 286 2901 caeli.
312 2837 393 2918 ipsi
417 2837 620 2918 peribunt,
645 2843 687 2902 tu
712 2841 845 2902 autem
868 2857 1087 2919 permanes,
1113 2842 1151 2902 et
1174 2857 1311 2904 omnes

169 2943 279 3007 sieut
311 2944 604 3008 uestimentum
638 2949 910 3018 ueterescent,
946 2949 983 3009 et
1016 2946 1124 3009 sicut
1154 2949 1356 3026 operto-eo

167 3050 269 3113 rium
307 3050 484 3114 mutabis
524 3070 590 3115 eos
628 3057 667 3116 et
699 3053 975 3117 mutabuntur.
1008 3071 1179 3134 possumus
1214 3053 1310 3116 etiam

167 3155 247 3219 illud
271 3156 425 3231 adtexere,
449 3157 598 3239 quoniam
622 3158 706 3240 quod
730 3162 825 3223 uetus
845 3163 895 3222 est
914 3159 1067 3235 adsuitur,
1088 3160 1171 3241 quod
1191 3180 1311 3224 nouum

169 3262 303 3343 cogitur.
323 3281 341 3324 a
365 3262 507 3326 diebus
531 3268 663 3328 autem
687 3264 881 3329 Iohannis
905 3266 1121 3348 Baptistae
1146 3287 1309 3350 regnum
1379 3280 1399 3333 E

168 3370 370 3434 caelorum
412 3371 585 3454 cogitur,
629 3376 666 3435 et
708 3376 903 3455 cogentes
946 3373 1148 3455 diripiunt
1190 3373 1309 3440 illud.

169 3474 323 3539 adsuebat
360 3495 433 3559 ergo
468 3477 548 3541 illud
582 3497 742 3561 synagoga
774 3479 806 3541 in
838 3480 960 3562 paucis,
993 3479 1129 3543 eeclesia
1161 3481 1248 3564 cogit
1279 3482 1311 3544 in
1329 3501 1354 3540 aa

259 3632 358 3686 1310b
380 3635 421 3696 14,
443 3634 475 3686 12
541 3633 781 3691 lauscitam
847 3636 879 3688 16
898 3635 995 3688 llatth.
1016 3636 1040 3697 9,
1061 3636 1093 3689 16
1160 3636 1192 3689 17
1211 3637 1310 3693 Psulrn.

169 3720 203 3776 CI
223 3724 256 3775 26
276 3738 315 3791 sq.
371 3724 406 3776 23
424 3723 522 3776 Mattlr.
544 3724 584 3785 11,
607 3724 639 3776 12

206 3838 216 3888 1
240 3836 273 3888 ab
294 3837 321 3902 (d
340 3854 362 3890 a.
380 3837 397 3889 b
417 3841 474 3902 rn2)
495 3838 604 3892 odorem
623 3839 650 3891 P
668 3840 701 3892 ad
721 3839 829 3892 odorem
843 3840 904 3892 ΡΨ
956 3841 972 3893 l
992 3842 1173 3911 spectauimus
1189 3843 1215 3894 P
1231 3847 1255 3908 (s
1264 3860 1308 3911 pr,

169 3943 202 3979 eoo
220 3930 260 3989 erl
289 3927 487 3996 expectauimus
506 3926 597 3980 DP‘C
685 3930 701 3982 5
729 3929 824 3981 seriem
844 3930 909 3982 odd.
931 3930 1062 3983 Gelenius
1169 3934 1211 4000 ac]
1238 3936 1267 3985 et
1284 3932 1311 3985 Β

169 4018 185 4068 6
205 4014 356 4084 crebrisque
375 4015 402 4067 P
421 4018 445 4079 (r
460 4032 502 4082 pr.
522 4033 542 4067 a.
563 4020 601 4079 u.)
685 4018 775 4085 quarn]
795 4017 867 4086 quod
886 4019 913 4070 Β
982 4020 1014 4071 10
1034 4018 1138 4072 uicibus
1158 4019 1228 4072 solet
1246 4019 1310 4072 ΒΡ

205 4102 238 4156 ad
257 4104 284 4154 P
339 4104 369 4156 ll
390 4107 498 4156 aestuat
516 4105 543 4156 B
599 4105 631 4158 12
649 4106 808 4159 irriserandie
829 4112 890 4174 (orn.
911 4111 973 4176 que)
993 4109 1021 4160 Β
1094 4109 1126 4161 13
1145 4112 1269 4176 resurget
1291 4107 1313 4159 (l

169 4192 286 4259 resurgit
305 4197 350 4246 cet.
413 4192 445 4245 14
464 4209 517 4244 rum
537 4209 586 4245 one.
607 4193 634 4245 Β
690 4196 722 4250 15
743 4196 812 4248 enim
832 4213 882 4249 oue⁴
904 4196 966 4248 DP'
1057 4214 1154 4250 nouum
1176 4199 1263 4268 celum
1283 4199 1311 4252 D

203 4283 291 4333 terra·
310 4296 395 4333 nouas
413 4281 493 4351 P(m
514 4282 556 4335 bis
575 4287 654 4348 erue.)
726 4286 757 4337 ll
778 4289 821 4338 est
838 4302 888 4338 om.
908 4285 972 4338 DP⁴
1056 4286 1209 4340 mutabitur
1229 4289 1254 4339 Β
1273 4287 1311 4356 (bi

168 4374 244 4433 eo.)
319 4368 382 4421 audi
402 4369 484 4422 dauid
503 4369 632 4423 atelle
696 4373 723 4425 iu
743 4374 863 4426 initioB
926 4380 955 4427 tu
976 4376 1068 4429 onuB
1124 4377 1157 4429 19
1176 4382 1204 4430 et
1219 4395 1311 4432 ornnes

169 4474 219 4510 om.
244 4456 307 4510 DP⁴
398 4458 432 4511 20
460 4461 631 4513 ueterasceut
654 4461 742 4513 ΒΡἚΙ
848 4465 954 4532 opertiu
980 4469 1071 4530 (erae.)
1098 4468 1264 4535 opertorium
1286 4469 1312 4521 P

170 4547 202 4598 ‘21
223 4546 420 4599 mutuabuntur
438 4548 465 4599 P
483 4552 510 4612 (u
532 4549 579 4602 ult.
599 4567 620 4603 a.
640 4555 679 4615 u.)
744 4553 778 4604 ‘24
798 4556 825 4604 et
844 4556 940 4620 gentes
960 4552 1022 4606 DP‘
1082 4556 1116 4608 25
1136 4556 1269 4627 sinagoga
1287 4558 1313 4610 P

206 4635 336 4703 sinagoga
354 4635 422 4688 illud
441 4636 468 4688 B
1025 4650 1031 4664 ⁶
