2804 5168
531 321 750 376 Praefatio.
1139 329 1216 393 Xffl

76 538 146 593 esse,
177 518 271 583 cuius
298 517 454 600 imagines
482 516 619 599 populus
648 522 738 600 grato
768 517 837 581 eius
865 518 1049 583 memoriam
1072 522 1215 585 recolens

74 626 168 689 animo
194 623 440 689 conseruauerit.
466 625 499 687 at
521 626 605 687 recte
628 626 724 705 negat
746 624 814 687 Ihm
840 622 930 688 Stud.
954 625 1100 691 Ambros.
1120 647 1151 709 p.
1172 629 1212 692 21

73 732 164 796 ullam
199 750 328 795 causam
363 749 443 806 esse,
477 747 532 793 our
564 731 685 793 certum
718 730 848 812 aliquod
880 732 1000 795 factum
1029 732 1079 797 his
1109 733 1216 798 uerbis

73 838 241 923 significari
265 841 459 912 statuamus;
485 836 533 901 sin
556 836 616 900 hoe
639 835 745 900 minus
768 837 901 920 placeat,
926 839 1028 923 magis
1053 844 1215 904 consenta-

70 965 158 1009 neum
177 943 290 1022 uideri,
311 962 382 1007 cum
398 942 587 1008 Ambrosius
604 941 642 1005 de
663 946 865 1025 tyrannorum
885 943 1078 1028 imaginibus
1098 948 1216 1012 maiore

70 1051 200 1134 quadam
234 1050 268 1114 ui
299 1049 387 1131 loqui
420 1048 576 1127 uideatur,
601 1050 653 1113 uel
686 1050 723 1114 de
752 1050 889 1114 Maximo
924 1052 976 1115 uel
1009 1053 1047 1117 de
1070 1055 1214 1138 Eugenio

69 1157 204 1240 tyrannis
230 1175 302 1220 eum
326 1155 476 1239 cogitare,
499 1156 545 1220 ita
569 1159 605 1220 ut
629 1159 684 1220 aut
711 1159 785 1238 post
808 1177 835 1220 a.
862 1156 1134 1223 CCCLXXXVlll
1158 1164 1214 1224 aut

69 1269 136 1346 post
164 1283 193 1327 a.
218 1262 507 1328 CCCLXXXXllll
536 1282 696 1328 sermones
725 1263 770 1326 ill
800 1263 876 1328 editi
906 1264 968 1328 dici
996 1267 1130 1347 possint.
1157 1268 1214 1331 sed

69 1389 135 1434 enm
156 1369 280 1452 tyranni
299 1388 359 1433 non
378 1369 586 1451 principibus,
607 1369 663 1433 sed
682 1369 771 1433 bonis
791 1370 987 1453 principibus
1005 1377 1212 1454 opponantur,

68 1478 122 1542 hoc
151 1476 247 1540 uerbo
276 1477 377 1541 malos
405 1475 563 1558 principes
593 1475 763 1559 significari
792 1479 936 1558 apertum
970 1482 1029 1542 est.
1058 1479 1213 1544 infirmius

68 1584 158 1648 etiarn
192 1585 326 1647 alterum
359 1582 574 1647 blauriuorum
608 1586 829 1666 argumentum
864 1588 922 1656 est,
958 1585 1012 1667 qui
1041 1605 1077 1649 er
1107 1586 1212 1650 uerbis

68 1692 139 1768 284,
171 1691 222 1766 12,
252 1689 368 1771 quibus
396 1689 571 1771 psalterum
598 1689 715 1753 mentio
745 1689 883 1768 inicitur,
911 1689 1116 1756 Ambrosium
1150 1712 1212 1757 ser-

67 1816 170 1862 mones
194 1796 269 1860 illos
294 1799 365 1860 ante
390 1814 417 1858 a.
443 1794 666 1860 CCCLXXXV
689 1799 744 1859 aut
769 1794 1018 1874 ccclxxxvi,
1044 1817 1105 1880 quo
1133 1803 1212 1863 tem-

67 1922 135 1984 pore
159 1903 272 1986 populi
296 1905 423 1967 cantum
448 1903 479 1966 in
503 1902 638 1966 ecclesia
660 1902 811 1978 instituit,
831 1904 983 1968 habuisse
1004 1905 1211 1987 collegerunt.

66 2009 143 2074 unde
172 2011 236 2073 iam
264 2013 353 2091 patet
381 2009 460 2072 nihil
489 2009 614 2074 omnino
644 2008 728 2090 quod
757 2010 810 2073 uel
838 2010 1035 2074 uerisimile
1063 2012 1213 2077 uideatur

67 2116 214 2180 constitui
237 2134 341 2198 posse.
367 2119 475 2179 contra
497 2115 615 2179 librum
639 2115 676 2179 de
701 2115 895 2199 apologia
925 2117 1055 2180 Dauid
1085 2122 1156 2183 ante
1182 2140 1210 2183 a.

67 2221 313 2298 CCCLXXXVI,
333 2239 396 2301 quo
417 2221 570 2302 expositio
589 2220 622 2283 in
643 2221 844 2304 euangelium
862 2222 965 2286 Lucae
990 2225 1132 2288 confecta
1150 2229 1209 2299 est,

67 2329 217 2413 seriptum
245 2347 315 2392 esse
343 2328 383 2391 iis
407 2327 577 2392 edocemur·
600 2346 680 2408 qnae
704 2327 735 2390 in
765 2327 825 2391 hoc
849 2330 1073 2394 commentario
1097 2331 1144 2393 lll
1169 2332 1212 2394 38

67 2436 228 2520 leguntur:
252 2434 302 2498 ‘de
326 2454 388 2517 qua
411 2434 544 2498 historia
567 2434 600 2518 (i.
627 2452 653 2497 e.
679 2433 717 2497 do
740 2433 916 2498 Bersabeae
941 2455 1046 2499 aurore
1067 2439 1098 2500 et
1119 2437 1212 2502 Uriae

68 2541 172 2626 caede)
189 2541 337 2623 qnoniam
352 2541 427 2605 alibi
441 2541 567 2623 plenius
583 2539 730 2616 diximus,
746 2540 797 2605 hic
817 2542 1041 2605 transeundum
1062 2543 1212 2619 uidetur',

67 2649 180 2731 quibus
204 2647 383 2731 apologiam
408 2647 497 2711 illam
520 2646 635 2728 respici
660 2650 802 2729 apertum
828 2647 973 2713 estium
998 2667 1070 2712 cum
1095 2650 1212 2712 lamen·

66 2755 211 2832 tationes,
234 2754 265 2817 in
290 2773 368 2835 qnae
391 2753 579 2817 Ambrosius
604 2755 679 2829 316,
704 2755 746 2817 20
771 2773 840 2835 sqq.
866 2752 1047 2828 effunditur,
1072 2754 1111 2818 ad
1136 2754 1212 2820 Gra-

66 2862 141 2927 tiani
162 2860 290 2924 caedem
309 2879 417 2924 mense
436 2860 586 2940 Augusto
606 2880 634 2924 a.
655 2859 896 2925 CCCLXXXlll
916 2861 1033 2924 factam
1053 2860 1214 2925 reserenda

67 2969 137 3041 sint,
172 2971 294 3032 certum
327 2970 378 3031 est
409 2967 469 3032 hoe
504 2968 694 3049 opusculum
726 2967 809 3031 intra
842 2987 869 3031 a.
905 2967 1148 3033 CCCLXXXIII
1181 2973 1214 3033 ot

67 3074 288 3141 CCCLXXXV
308 3075 520 3156 compositum
541 3093 620 3139 esse.
642 3093 802 3138 sermones
827 3073 871 3137 de
894 3073 1016 3137 Helia
1040 3077 1072 3137 et
1094 3074 1212 3140 ieiunio

67 3181 165 3246 habiti
189 3184 264 3246 sunt
285 3182 361 3262 post
384 3181 578 3264 psalmorum
603 3184 635 3244 et
657 3181 844 3262 hymnorum
869 3183 997 3244 cantum
1022 3180 1052 3243 in
1078 3180 1212 3244 ecelesia

66 3287 292 3353 Mediolanensi
320 3287 516 3364 institutum,
546 3288 566 3350 i.
593 3307 617 3351 e.
643 3291 717 3371 post
740 3306 767 3350 a.
793 3286 1034 3352 CCCLXXXVI
1057 3286 1110 3370 (cf.
1135 3289 1211 3366 445,

69 3393 97 3475 2)
121 3398 154 3458 et
177 3398 249 3458 ante
274 3413 301 3457 a.
327 3392 593 3471 CCCLXXXXll,
622 3413 683 3474 qno
714 3392 952 3458 Ualentinianus
981 3392 1060 3455 alter
1088 3394 1211 3458 occisus

67 3505 126 3576 est;
152 3520 224 3564 nam
248 3500 321 3582 quin
347 3501 483 3576 448,14
508 3500 641 3581 pluralis
665 3499 912 3581 ‘imperatorum‘
935 3498 973 3561 ad
997 3498 1212 3565 Theodosium

67 3611 96 3670 et
128 3606 384 3672 Ualentinianum
418 3606 575 3689 pertineat
610 3627 670 3672 non
710 3605 831 3670 dubito.
866 3605 920 3669 sed
959 3605 1043 3687 qnod
1076 3606 1213 3670 Maurini

67 3714 218 3797 suspicati
252 3718 327 3777 sunt
358 3714 561 3779 Ambrosium
594 3716 651 3779 has
682 3713 838 3778 orationes
867 3732 895 3777 a.
924 3712 1213 3778 CCCLXXXVllll

67 3818 242 3885 Theodosio
268 3825 300 3884 et
323 3820 545 3885 Ualentiniano
570 3825 639 3883 tum
663 3820 847 3885 Mediolanii
873 3820 1143 3884 commorantibus
1168 3821 1212 3884 di·

67 3926 147 3991 risse
171 3927 258 3992 nullo
284 3927 479 3992 firmamento
504 3926 627 3991 nititur.
652 3946 752 4008 neque
776 3945 813 3989 ex
836 3946 872 3991 eo
898 3926 982 4008 quod
1006 3928 1081 4002 414,
1109 3928 1148 3989 12
1179 3948 1212 3991 se

68 4032 103 4097 de
126 4033 237 4098 Heliae
266 4034 366 4117 gestis
394 4034 531 4116 plurima
558 4034 620 4098 iam
649 4033 804 4115 frequenti
833 4032 1030 4097 diuersomm
1058 4032 1212 4097 librorum

68 4157 208 4204 sermone
233 4138 406 4222 digessisse
431 4139 519 4217 dicit,
544 4139 713 4220 quicquam
739 4137 777 4201 ad
801 4142 928 4219 tempus
953 4137 1212 4202 constituendum

66 4245 234 4312 lucramur.
258 4265 329 4310 nam
348 4245 432 4325 libri,
452 4265 532 4328 quos
552 4246 700 4311 hocloco
719 4245 857 4327 respexit
875 4248 931 4308 aut
950 4247 1033 4308 certe
1056 4244 1213 4327 respicere
