2804 5168
138 710 202 772 424
619 706 817 759 Ambrosii

137 898 279 973 uirtutis,
318 896 496 978 purificatio
535 897 667 973 animae,
705 896 918 960 miserationis
957 915 1100 978 expensa,
1143 899 1289 963 lenitatis

137 1004 309 1080 institutio,
326 1003 467 1067 caritatis
487 1003 656 1071 inlecebra.
678 1003 786 1066 senilis
808 1003 918 1085 gratia,
935 1003 1080 1067 custodia
1099 1003 1288 1076 iuuentutis,

136 1109 291 1174 ieiunium
325 1113 375 1173 est
406 1109 600 1173 infirmitatis
633 1109 901 1186 adleuamerrtum
934 1108 1120 1174 alimentum
1158 1113 1287 1176 salutis.

138 1236 229 1281 nemo
262 1216 453 1280 cruditatem
487 1215 654 1279 ieiunando
685 1215 807 1293 incidit,
837 1216 944 1278 nullus
973 1235 1029 1298 per
1057 1217 1285 1282 continentiam
1352 1228 1374 1280 Β

137 1324 237 1388 ictum
262 1323 427 1406 sanguinis
453 1322 562 1393 sensit,
586 1322 683 1386 immo
704 1322 811 1385 nullus
830 1342 891 1386 non
911 1323 1063 1405 repressit
1081 1326 1114 1387 et
1132 1326 1285 1406 reppulit.
1318 1357 1331 1395 a

139 1429 257 1494 bonum
281 1429 409 1493 iteneris
433 1428 599 1506 uiaticum,
623 1429 741 1491 bonum
763 1428 863 1492 totius
882 1428 979 1503 uitae,
999 1429 1117 1493 bonum
1137 1430 1168 1493 iu
1189 1432 1288 1496 mari:

86 1535 128 1598 23
139 1536 229 1601 sedat
257 1535 432 1618 naufragia,
462 1535 568 1599 cibum
597 1539 714 1599 seruat.
744 1554 840 1618 gratie
869 1534 979 1599 dicunt
1008 1555 1078 1599 esse
1110 1536 1287 1602 ieiunium:

139 1642 349 1724 respondeant
372 1640 443 1721 quis
468 1640 618 1704 eieiunio
639 1640 797 1705 defecerit.
817 1640 911 1703 multi
931 1641 962 1702 in
982 1641 1122 1723 prandio,
1143 1644 1288 1726 plerique

141 1748 214 1810 dum
244 1751 379 1811 uomunt
402 1747 532 1827 epulum
563 1747 672 1810 fudere
696 1746 843 1810 animam.
875 1746 960 1827 quod
984 1751 1146 1836 postremo
1171 1750 1288 1814 animal

139 1855 292 1918 ieiunium
331 1854 393 1917 sibi
431 1873 559 1918 causam
598 1853 698 1917 fuisse
735 1853 846 1917 mortis
880 1853 1061 1936 ingemuit?
1094 1874 1150 1937 per
1181 1876 1287 1921 escam
1308 1883 1330 1919 nr

139 1961 274 2041 laqueus
303 1980 362 2024 non
392 1963 533 2036 cauetur,
561 1960 592 2024 in
623 1978 695 2024 esca
724 1959 836 2024 hamus
864 1959 961 2024 latet:
986 1960 1077 2025 cibus
1101 1961 1233 2026 dedrrcit
1255 1964 1286 2027 in
1350 1965 1371 2019 G

141 2068 277 2142 foueam,
302 2066 393 2129 cibus
417 2066 539 2129 inducit
562 2066 593 2129 in
617 2065 706 2141 retia,
728 2066 818 2129 cilius
839 2066 928 2129 uisco
949 2067 1044 2130 etiam
1065 2086 1141 2132 aues
1161 2069 1287 2153 inligat,

142 2173 232 2237 cibus
256 2174 401 2237 uolantes
426 2172 555 2254 deponit
579 2172 617 2235 ad
641 2177 787 2238 mortem.
814 2192 893 2255 quae
917 2193 977 2237 non
998 2178 1125 2256 propter
1143 2180 1287 2240 uentrem

141 2279 308 2360 pericula?
345 2284 434 2344 muta
471 2279 620 2343 animalia
657 2279 774 2344 crimen
814 2280 961 2343 nesciunt
994 2284 1025 2344 et
1057 2281 1088 2343 in
1123 2282 1184 2346 hoc
1218 2284 1287 2346 solo

142 2390 304 2467 tamquam
332 2406 387 2468 pro
417 2385 547 2449 crimine
576 2386 760 2468 puniuntur.
794 2386 948 2449 ieiunium
982 2386 1138 2450 sobrietas
1171 2388 1288 2451 mentis
1302 2413 1332 2451 as

142 2498 201 2558 est.
224 2495 285 2558 hoc
307 2493 420 2576 uigent
444 2511 567 2567 sensus,
592 2493 622 2555 in
648 2493 706 2557 hoc
731 2493 849 2556 iudicia
872 2496 1057 2566 tractantur,
1081 2493 1114 2556 in
1138 2494 1287 2558 conuiuio

141 2601 265 2682 pocula.
307 2600 459 2664 ieiunium
504 2599 644 2664 custodit
686 2599 896 2680 disciplinam,
938 2600 1095 2663 luxuriam
1142 2601 1289 2682 sequitur

178 2756 350 2810 'tinstitutio
371 2772 422 2811 om.
442 2756 481 2809 H*
547 2756 683 2809 castitatis
701 2755 729 2810 R
792 2753 928 2808 inlecebra
946 2755 987 2824 (ce
1006 2755 1037 2808 in
1055 2760 1123 2821 ros.)
1144 2755 1171 2808 P
1231 2758 1288 2809 seni

143 2844 181 2897 H‘
254 2846 404 2897 iuuentatis
426 2847 452 2903 (v
470 2861 491 2898 s.
512 2845 537 2909 a)
558 2844 585 2896 P
601 2845 721 2896 iuuentis
739 2844 770 2897 D
788 2844 939 2896 iuuentutis
958 2851 1005 2897 cet.
1070 2845 1086 2898 3
1106 2844 1229 2897 leuamen
1249 2845 1288 2897 H‘

141 2934 204 2986 lin
226 2932 387 2986 cruditatem
407 2932 472 2984 DP‘
491 2931 677 2985 credulitatem
701 2932 726 2984 G
746 2932 931 2985 crudelitatem
953 2933 1011 2985 ΗΒ
1096 2934 1178 2985 immo
1197 2934 1289 2986 nullus

144 3030 206 3088 (out.
221 3028 320 3089 postea
339 3021 432 3080 immo)
452 3021 486 3073 H
538 3022 663 3074 {ilrictus
683 3023 828 3090 sanguines
849 3021 868 3085 (i
887 3037 909 3074 s.
929 3027 953 3086 e)
975 3021 1002 3075 R
1073 3022 1164 3074 nullus
1184 3025 1211 3086 (o
1230 3038 1251 3074 s.
1272 3039 1289 3074 n

144 3111 248 3169 arcuit
320 3110 436 3180 aliquem
457 3115 601 3175 (oucnon)
620 3112 749 3178 repressit
768 3110 890 3163 uelDP‘
962 3111 1062 3180 pressit
1077 3110 1116 3163 H⁴
1188 3111 1290 3181 repulit

146 3199 229 3252 GBD
293 3202 309 3254 6
328 3200 440 3252 iteneris
459 3196 485 3251 P
504 3201 610 3253 itineris
629 3207 676 3254 cet.
747 3202 761 3253 'r'
782 3199 859 3253 sedat
878 3200 905 3251 P
922 3200 946 3269 (t
963 3216 984 3252 a
1003 3204 1042 3263 u.)
1063 3200 1126 3252 DP‘
1146 3198 1194 3253 sed
1214 3205 1244 3252 at
1264 3199 1290 3253 G

144 3287 192 3341 sed
211 3287 245 3341 ad
264 3287 296 3340 H
313 3289 361 3341 sed
380 3288 408 3342 R
426 3295 451 3342 ct
471 3290 513 3353 (in
531 3305 584 3356 quo
603 3289 719 3357 stragia)
739 3288 766 3341 B
785 3294 810 3341 et
830 3289 871 3354 ties
890 3303 943 3355 quo
963 3287 1106 3358 naufraga)
1123 3287 1164 3341 11¹
1243 3290 1288 3357 qni

145 3394 227 3448 graue
246 3378 303 3433 Ro
374 3379 392 3431 8
412 3378 561 3442 defecerint
580 3383 605 3442 (e
626 3378 676 3430 alt.
696 3394 729 3431 ex
748 3376 756 3429 i
775 3381 832 3440 ue2)
852 3376 879 3428 P
967 3377 994 3429 in
1014 3393 1065 3431 orn.
1085 3377 1114 3430 D
1133 3382 1158 3430 et
1177 3377 1218 3441 (in
1237 3394 1290 3444 quo

143 3467 240 3535 multo)
260 3468 294 3519 P‘
368 3468 384 3520 9
403 3469 527 3536 uomunt]
547 3468 662 3520 ueniunt
680 3466 714 3519 H
788 3464 908 3533 epulum]
931 3481 944 3518 e
963 3465 1063 3534 pabulo
1082 3465 1110 3519 R
1128 3465 1240 3535 paululo
1260 3465 1292 3518 H

179 3557 289 3610 enirnerli
308 3555 335 3609 R
400 3558 433 3609 10
453 3573 560 3609 causam
580 3555 632 3608 sibi
655 3555 713 3609 GH
784 3554 867 3607 fuisse
888 3554 1013 3608 causali
1079 3556 1109 3608 ll
1130 3554 1242 3625 laqueos
1263 3568 1290 3617 cr·

142 3665 162 3700 s.
179 3666 194 3699 o
209 3650 265 3712 m2)
279 3646 307 3698 P
364 3644 456 3698 hernus
473 3651 500 3710 (a
512 3661 534 3698 s.
549 3662 615 3707 ros,
629 3662 646 3696 u
661 3645 742 3712 eras.)
755 3645 783 3696 Ρ
796 3659 871 3696 arnus
886 3642 941 3696 RG
1002 3643 1072 3696 latet
1087 3647 1115 3696 et
1132 3642 1291 3697 GBH¹DP1

180 3734 608 3790 deducithlinducith2
622 3733 688 3786 BH¹
768 3734 799 3786 l‘.)
819 3733 926 3785 loueam
947 3732 1117 3797 les.re.lP
1148 3805 1151 3811 .
1205 3733 1293 3786 uerba

1147 3812 1177 3837 inf

813 3849 938 3889 Iunrrcrr
1099 3849 1120 3887 er
1148 3872 1265 3899 seems·

144 3906 291 3972 cibuslpr.)
317 3903 731 3970 ..uiscouosmrptosuutiul':
743 3901 818 3970 Olli:v
940 3901 942 3969 l
961 3903 988 3954 in
1003 3901 1092 3970 retia}
1113 3898 1291 3955 Busuisco

145 4003 279 4059 qrxni'crr
298 3999 323 4045 et
337 3994 406 4059 sort.
426 4004 456 4052 135
476 4009 581 4061 quoquc
600 3997 625 4044 et
649 3992 757 4044 litteras
779 3991 847 4044 illos
871 3995 930 4043 octo
955 4007 1030 4043 nuuc
1055 4006 1158 4047 erasos.
1180 3991 1210 4042 iu
1233 3990 1292 4058 qui·

144 4083 194 4135 bus
214 4124 309 4137 ......
321 4081 348 4134 ia
372 4081 486 4148 (despexi,
511 4080 575 4135 ueld.
600 4097 633 4133 nr.
659 4086 726 4145 unt,
746 4080 773 4131 in
793 4079 863 4131 retia
887 4080 911 4130 ci
933 4082 989 4143 m2,
1012 4079 1054 4130 inr
1072 4083 1131 4139 ηας
1158 4079 1293 4131 librarius

146 4171 230 4224 rumbo
250 4171 326 4224 cibus
345 4169 450 4222 inducit
469 4169 495 4220 in
516 4169 585 4220 retia
604 4167 744 4234 oruiscrut)
811 4165 922 4219 deducit
941 4165 967 4218 u
986 4165 1092 4218 inducit
1112 4171 1138 4230 (c
1155 4182 1176 4220 s.
1196 4169 1235 4231 u.)
1257 4166 1292 4225 D.

144 4261 175 4312 s'u
195 4275 247 4326 quo
266 4259 352 4311 uerno
372 4258 398 4309 in
419 4256 524 4308 suumn
546 4256 621 4309 cibus
637 4256 742 4309 inducit
756 4260 917 4322 repetuntur
988 4255 1014 4306 irr
1031 4254 1105 4307 uisco
1122 4258 1184 4318 (om.
1199 4255 1293 4313 etiam)

146 4349 172 4401 R
238 4348 269 4400 13
290 4345 440 4399 uentrisG
505 4347 536 4397 14
556 4345 696 4397 nessciuut
716 4361 798 4412 qspr.
819 4348 899 4409 eras.)
921 4343 947 4395 P
1018 4341 1104 4395 solum
1126 4345 1188 4406 (osu.
1208 4343 1246 4403 in)
1267 4342 1295 4396 R

147 4438 179 4489 lo
199 4435 323 4503 uiget-R
410 4434 536 4486 conuiuiu
556 4433 594 4485 H‘
670 4435 701 4486 Π
722 4431 840 4485 custodit
858 4433 885 4499 (r
903 4448 923 4484 8.
944 4449 959 4483 o
975 4434 1030 4498 pr.)
1051 4430 1247 4484 Pcustoditss
1269 4431 1295 4483 G

182 4525 353 4593 disciplinam
373 4524 526 4576 conuiuium
542 4522 646 4575 luxrrria
660 4523 781 4591 sequitur
794 4521 878 4590 impis
894 4520 959 4573 BH‘
975 4520 1145 4589 disciplinam
1161 4519 1293 4573 luxuriam

145 4615 299 4682 insequitur
320 4613 403 4680 impia
421 4612 485 4665 DP‘
