2804 5168
148 666 212 728 170
615 658 813 713 Ambrosii

146 859 302 939 properet,
327 855 382 919 ubi
406 855 537 918 uerbum
564 857 614 919 est
637 854 687 918 dei
706 854 738 917 in
760 854 816 918 illo
837 855 908 918 sinu
927 855 1041 937 patrio,
1060 854 1092 918 id
1113 860 1162 919 est
1181 876 1291 922 arcano

147 982 182 1026 uc
206 981 335 1026 recessu
359 962 419 1038 dei,
444 961 499 1025 ubi
524 964 574 1024 est
596 962 667 1025 fons
692 960 876 1043 sapientiae,
901 961 983 1025 unde
1008 981 1062 1043 pro
1087 966 1188 1026 morte
1208 965 1292 1028 uitae

142 1072 291 1134 aeternae
314 1069 441 1132 harrriat
464 1072 576 1151 potum
601 1069 808 1132 inmortalem.
834 1068 1009 1132 secundum
1034 1073 1083 1132 est
1105 1069 1292 1142 remedium,

146 1181 183 1240 ut
206 1176 260 1258 qui
284 1195 344 1239 non
368 1177 477 1256 potest
496 1174 710 1258 coguitionem
729 1174 803 1237 boni
823 1172 912 1237 illius
932 1174 1104 1257 praelibare
1126 1179 1157 1239 et
1176 1175 1295 1239 tardior

146 1285 200 1348 uel
236 1283 362 1366 iugenio
401 1286 451 1346 est
487 1282 539 1345 uel
576 1280 649 1345 fidei
687 1282 964 1363 conprehensione,
1005 1282 1152 1363 quoniam
1190 1283 1293 1347 ueloci
1324 1292 1372 1346 ab

147 1389 261 1454 mentis
290 1389 400 1473 uigore
430 1392 525 1470 atque
553 1389 672 1471 ingenii
701 1387 845 1452 acumine
875 1388 914 1451 ad
943 1388 1135 1472 cognitionis
1169 1409 1293 1453 summa

143 1497 358 1574 contenditur,
383 1496 495 1560 saltem
522 1515 617 1578 opera
637 1495 756 1559 domiui
776 1495 954 1559 consideret
973 1499 1067 1576 atoue
1087 1514 1121 1558 er
1142 1495 1191 1559 bis
1213 1516 1293 1579 quae

143 1603 231 1668 facta
264 1607 339 1668 sunt
370 1603 449 1668 tanti
481 1604 713 1686 contempletur
744 1602 848 1685 operis
882 1604 1053 1677 auctorem,
1082 1601 1230 1685 quoniam
1259 1622 1294 1666 er

147 1709 198 1774 his
221 1710 323 1786 bonis,
350 1729 429 1793 quae
454 1710 582 1774 suntin
606 1709 833 1773 constitutione
857 1708 951 1773 istius
972 1713 1190 1772 creaturae-
1212 1708 1294 1772 bona

146 1818 232 1883 enim
265 1819 367 1896 ualde,
402 1818 486 1882 sicut
515 1817 661 1881 dominus
690 1817 777 1887 dixit,
806 1853 849 1862 —
877 1815 994 1880 bonurn
1022 1814 1102 1879 illud
1132 1835 1293 1878 summum
1314 1843 1336 1878 ιο

146 1928 243 2007 atque
263 1929 424 1990 aeternum
440 1924 714 2007 conprehenditur.
731 1924 784 2006 qui
800 1923 874 1987 ordo
890 1942 1004 1997 rerum,
1021 1942 1099 2004 quae
1116 1921 1293 2005 disciplina.

147 2051 229 2114 quae
263 2032 388 2116 gratia?
422 2050 522 2096 nonne
555 2031 605 2095 bis
639 2031 784 2112 quamuis
817 2028 942 2092 tardum
972 2030 1133 2113 ingenium
1162 2029 1294 2113 diligere

146 2142 309 2205 auctorem
343 2157 437 2200 suum
470 2137 687 2218 prouocatur?
720 2134 838 2200 etenim
871 2135 898 2199 si
931 2139 1087 2217 parentes,
1124 2136 1199 2217 quia
1237 2156 1293 2200 nos
1359 2151 1377 2205 E

148 2247 335 2328 genuerunt,
361 2262 515 2320 amamus,
536 2247 653 2326 quanto
672 2243 776 2326 magis
797 2242 928 2325 diligere
949 2241 1099 2305 debemus
1120 2247 1293 2308 creatorem

147 2352 315 2433 parentum
344 2353 569 2431 auctoremque
598 2349 760 2412 nostrum!
791 2365 864 2431 ergo
894 2346 1071 2430 operatoria
1098 2349 1203 2412 uirtus
1233 2348 1293 2413 dei.
1314 2374 1337 2411 u

146 2456 211 2521 etsi
240 2475 301 2521 non
326 2457 463 2530 uidetur,
487 2457 593 2520 tamen
619 2474 654 2518 ex
678 2455 745 2519 suis
770 2455 917 2536 operibus
942 2455 1130 2518 aestimat-ur
1153 2459 1294 2536 operato·

148 2581 277 2644 remque
311 2581 405 2644 opera
438 2580 496 2627 sua
524 2562 670 2644 produnt,
700 2564 736 2625 ut
763 2561 966 2645 intellegatur
994 2561 1048 2642 qui
1076 2581 1137 2625 nou
1167 2580 1293 2644 oonpre-

148 2668 306 2735 hcnditur.
326 2670 409 2734 unde
429 2672 462 2732 et
481 2669 627 2734 dominus
648 2668 711 2732 ait:
737 2667 770 2732 si
794 2667 893 2730 mihi
916 2686 989 2731 non
1015 2668 1203 2743 creditis
1229 2671 1294 2732 uel

149 2776 345 2858 operibus
370 2776 540 2840 credite.
563 2776 645 2840 bona
667 2775 768 2858 igitur
790 2775 885 2838 etiam
910 2774 986 2838 haec
1011 2775 1126 2839 ciuitas
1151 2775 1188 2838 ad
1213 2777 1294 2839 refir-

150 2883 249 2966 ginm,
283 2901 363 2965 quae
393 2881 600 2946 aedificatoris
630 2881 679 2944 sui
707 2880 898 2944 testificatur
926 2880 1058 2962 gratiam
1088 2885 1119 2943 et
1147 2881 1295 2945 affectum
1314 2909 1338 2946 so

147 2992 291 3053 nostrum
321 2988 445 3065 excitat,
475 2991 512 3050 ut
541 2989 608 3051 eius
638 2988 738 3051 simus
768 2987 946 3070 cupidiores
976 2988 1030 3068 qui
1058 2991 1179 3051 tantum
1204 2988 1295 3052 nobis
1359 2997 1377 3052 F

147 3096 285 3159 fabricae
309 3095 404 3159 buius
429 3095 575 3160 uideatur
594 3096 767 3160 contulisse
787 3094 1065 3177 pulchritudinem.
1085 3095 1199 3159 tertius
1220 3095 1294 3159 ordo

149 3206 200 3267 est
223 3202 338 3286 regulis
362 3202 530 3284 potestatis
556 3203 794 3283 contemplatio,
818 3207 855 3266 ut
874 3201 1069 3265 subicianrur
1087 3202 1164 3284 regi,
1186 3202 1213 3265 si
1233 3221 1295 3266 nou

150 3308 321 3372 deferimus
341 3310 503 3390 tamquam
523 3310 655 3390 parenti.
676 3312 763 3372 metu
783 3309 865 3372 enim
885 3308 1094 3390 praesidentis
1109 3309 1296 3390 plerumque

150 3413 187 3477 fit
207 3415 376 3478 oboediens
396 3415 548 3497 potestati
568 3416 620 3497 qui
641 3421 691 3479 est
710 3415 824 3479 salutis
843 3415 997 3497 ingratus,
1019 3419 1054 3478 ut
1073 3415 1297 3479 necessitatem
1315 3443 1338 3480 aa

150 3520 332 3584 sobrietatis
366 3525 517 3604 agnoscat
550 3523 603 3603 qui
636 3522 738 3586 noluit
767 3541 802 3585 ac
831 3521 976 3603 nequiuit
1005 3522 1137 3603 gratiam
1166 3521 1296 3603 pietatis

239 3815 342 3868 9Gen.
381 3818 439 3874 ,31
500 3816 532 3869 18
553 3815 610 3868 Ich.
633 3815 673 3875 lo,
694 3816 727 3867 38
784 3814 1121 3883 aei'orgnenxssoo

189 4044 200 4095 1
222 4048 383 4113 proponeret
398 4045 424 4095 A
443 4044 474 4108 (s.
494 4047 541 4095 rut)
554 4043 567 4094 i
581 4048 717 4111 properet)
756 4048 771 4094 4
792 4043 947 4110 cognitione
963 4041 989 4093 A
1006 4047 1030 4105 (e
1046 4058 1079 4094 ec
1098 4045 1122 4103 e)
1161 4042 1257 4095 'isalti
1272 4046 1297 4094 A

150 4136 173 4196 (ἰ
189 4149 221 4184 ec
236 4137 260 4195 ἐ)
277 4133 368 4185 saltiru
388 4132 529 4189 Verer‘ET
562 4132 579 4184 8
599 4133 795 4200 contempletur
814 4131 901 4198 operis
922 4131 1080 4199 summram]
1097 4131 1128 4181 in
1141 4145 1196 4182 ros.
1211 4134 1258 4182 nrt>
1272 4132 1298 4182 A

153 4221 169 4272 9
190 4238 258 4288 quae
284 4221 334 4273 uel.
358 4225 405 4273 m2
424 4225 458 4282 A,
481 4237 502 4274 a.
527 4237 553 4273 co.
577 4220 602 4273 Τ
692 4221 724 4273 10
748 4219 828 4273 ualde
853 4224 915 4272 sunt
933 4219 966 4275 a‘
991 4222 1064 4283 (sunt
1087 4235 1108 4270 s.
1132 4231 1171 4282 a.)
1191 4219 1298 4273 <21¹¹Er³⁴

188 4310 266 4361 illurn
286 4310 313 4361 P
332 4314 409 4372 (corr.
430 4315 483 4373 eorl)
503 4308 572 4368 AC'.
592 4326 642 4361 our.
666 4310 703 4360 0¹*
787 4311 819 4363 13
840 4311 1018 4377 prrorrorantur
1038 4307 1063 4357 P
1083 4312 1110 4370 (n
1130 4311 1200 4375 erp.)
1225 4307 1298 4359 (³¹0⁴

189 4398 253 4466 quia
272 4400 297 4449 A
318 4400 362 4466 qui
382 4399 436 4454 t‘IT
492 4400 523 4451 16
544 4397 667 4450 uidcstur
680 4398 706 4451 A
762 4400 796 4452 24
816 4397 960 4450 dct'criruus
980 4398 1105 4449 honorem
1124 4397 1149 4448 T
1220 4414 1297 4464 [rrae-

151 4486 273 4550 sidentcs
293 4488 318 4537 A
339 4488 358 4551 (i
378 4504 398 4540 s.
420 4492 445 4552 e)
502 4489 535 4540 26
556 4486 713 4540 sobrietatis
732 4489 757 4540 A
779 4491 809 4554 (a.
829 4490 876 4538 rua
894 4488 905 4539 i
925 4488 979 4554 tas)
1002 4486 1026 4538 Τ
1045 4487 1077 4549 ui
1096 4501 1117 4538 s.
1138 4490 1177 4551 rr.)
1252 4485 1298 4553 qui

152 4575 179 4626 A
200 4578 230 4640 (s.
251 4576 260 4625 i
279 4578 326 4626 ora
344 4575 357 4626 i
377 4578 401 4636 c)
422 4593 474 4645 que
495 4578 576 4641 (corr.
597 4576 654 4643 qui)
679 4575 703 4627 Τ
