2804 5168
171 688 235 752 370
632 683 850 754 [Ambrosii]

169 879 284 943 titulus
303 878 418 961 psalmi
437 879 467 942 in
488 878 687 944 Salomonem
706 879 865 961 psalmum
886 880 1159 964 septuagesimum
1177 883 1323 965 primum

170 986 249 1050 dioit
272 1004 342 1050 esse
367 985 594 1068 conpositum?
619 985 675 1049 sed
699 1004 793 1066 quem
818 984 1020 1050 Salomonem
1044 986 1130 1051 dieat
1147 988 1322 1054 aduertite.

170 1092 318 1158 Salomon
343 1092 427 1156 enim
449 1091 602 1174 pacificus
628 1094 687 1169 est,
712 1092 772 1156 hoa
796 1092 893 1157 habet
914 1092 1142 1174 interpretatio,
1171 1097 1321 1177 psalmus

167 1200 199 1264 in
224 1219 296 1263 eum
320 1198 446 1276 dieitur,
472 1218 565 1281 quem
588 1218 663 1262 uere
689 1199 807 1263 seimus
829 1217 899 1262 esse
922 1200 1009 1282 panis
1030 1204 1216 1266 amatorem.
1241 1223 1321 1285 quo·

168 1307 262 1370 modo
278 1309 386 1370 autem
400 1305 548 1371 Salomon
563 1304 741 1388 pacificus?
757 1323 817 1370 non
836 1306 897 1370 hoo
915 1306 990 1370 Ioab
1011 1307 1142 1391 sanguis
1163 1310 1319 1388 ostendit,
1351 1334 1363 1371 a

169 1433 263 1495 quem
291 1413 372 1476 inter
400 1413 511 1476 altaria
538 1412 649 1493 templi
677 1412 775 1475 iussit
804 1411 915 1487 occidi,
944 1431 1005 1476 non
1033 1413 1175 1478 Adoniao
1203 1435 1318 1497 poena,
1381 1428 1400 1481 Ε

168 1540 262 1602 quem
296 1519 472 1584 adfectatae
500 1518 673 1583 adfinitatis
701 1519 807 1602 regiae
835 1538 925 1582 reum
952 1520 1087 1601 perculit
1115 1539 1174 1585 neo
1202 1523 1319 1586 matris

168 1628 385 1692 obsecratione
419 1627 456 1691 ab
488 1626 704 1709 indignatione
737 1629 917 1689 reuocatus.
951 1627 1108 1709 quomodo
1142 1633 1252 1692 autem
1286 1630 1318 1692 in

168 1733 370 1799 Salomonem
402 1731 506 1797 Dauid
539 1732 640 1796 filium
671 1732 821 1796 aestimas
851 1733 1018 1796 conuenire
1047 1733 1131 1814 quod
1160 1735 1319 1817 seriptum

168 1844 219 1904 est
238 1841 312 1922 quia
330 1839 570 1922 permanebit
589 1857 669 1903 aum
691 1839 775 1903 sole
796 1843 832 1902 et
851 1844 936 1903 ante
955 1840 1080 1903 lunam
1100 1840 1135 1903 in
1162 1843 1317 1906 saecula
1338 1866 1364 1904 ro

168 1947 422 2024 saeculorum,
449 1965 520 2010 eum
544 1947 598 2010 ille
622 1945 729 2009 breuis
754 1946 841 2009 uitae
865 1946 999 2029 adeptus
1018 1966 1148 2011 usuram
1168 1948 1318 2032 angustis

166 2053 308 2117 terminis
334 2053 464 2116 uiuendi
488 2053 625 2134 spatium
650 2053 866 2136 transegerit?
892 2053 1049 2134 quomodo
1073 2056 1181 2118 autem
1210 2054 1249 2118 do
1278 2074 1316 2120 eo

168 2160 302 2224 dicitur:
333 2160 590 2224 dominabitur
618 2179 636 2223 a
663 2160 755 2223 mari
783 2179 901 2241 usque
930 2159 975 2224 ad
1003 2179 1117 2238 mare,
1152 2180 1226 2225 oum
1260 2161 1317 2225 ille

166 2265 249 2329 intra
277 2265 400 2348 Syriam
429 2265 634 2341 constitutus,
664 2265 724 2329 lroo
753 2268 803 2328 est
830 2266 913 2329 intra
944 2266 1039 2329 unius
1072 2265 1211 2350 regionis
1244 2287 1317 2350 pro-
1379 2280 1399 2334 F

166 2371 305 2435 uinaiam
338 2371 596 2454 einoumsoriptos
628 2372 706 2435 lines
739 2371 885 2435 habuerit
916 2371 1051 2453 imperii,
1083 2373 1172 2437 solus
1205 2378 1316 2438 autem
1335 2400 1361 2437 ιε,

167 2477 314 2543 Christus
348 2499 449 2560 usque
479 2478 510 2542 in
544 2477 628 2542 orbis
657 2478 757 2542 totius
785 2479 937 2542 terminos
968 2497 1061 2543 suum
1088 2481 1317 2564 propagauerit

166 2586 344 2668 imperinm.
380 2586 468 2650 solus
503 2585 586 2648 enirn
617 2585 680 2649 iste
713 2589 772 2661 est,
806 2584 844 2648 de
873 2605 934 2665 quo
963 2585 1041 2648 bene
1069 2586 1185 2668 psalmi
1214 2588 1315 2652 series

168 2691 598 2775 p1·opl1etauitquiar·eges
623 2691 783 2755 Arabum
813 2695 850 2755 et
878 2691 973 2756 Saba
1001 2692 1095 2756 dona
1123 2692 1314 2757 adducent

167 2801 203 2862 et
231 2798 441 2862 adorabunt
469 2817 549 2862 eum
575 2817 699 2862 omnes
723 2817 831 2881 reges
856 2802 992 2874 terrae,
1018 2817 1144 2864 omnes
1179 2802 1312 2884 gentes

167 2905 336 2968 seruient
379 2904 422 2967 ei.
465 2905 549 2969 hunc
591 2905 672 2969 enim
710 2905 858 2968 nouimus
896 2905 1044 2988 gentibus
1080 2905 1242 2970 uniuersis
1280 2909 1356 2969 etan

166 3011 347 3075 nationibus
378 3011 585 3092 imperantem
617 3013 890 3094 incircumscripto
928 3012 1071 3095 imperio,
1107 3012 1312 3077 interminata

112 3133 154 3194 23
165 3121 335 3199 potestate.
365 3137 426 3181 non
457 3137 530 3201 argo
556 3118 704 3184 Salomon
728 3120 778 3183 dei
803 3120 899 3183 filius.
925 3119 980 3182 sed
1005 3138 1067 3200 qua
1090 3119 1213 3183 ratione
1237 3139 1311 3184 eum

166 3225 216 3287 dei
234 3224 336 3288 filium
355 3225 554 3306 putanistis?
575 3245 612 3289 an
634 3226 708 3306 quia
727 3225 851 3307 sapiens
871 3227 958 3290 fuit?
979 3224 1035 3290 aad
1053 3225 1105 3289 hio
1121 3226 1310 3308 sapientiam

164 3331 351 3421 postulauit,
385 3333 422 3395 ut
455 3352 549 3413 qnam
581 3353 641 3396 non
674 3333 812 3396 habebat
844 3333 1017 3416 acciperet:
1057 3331 1205 3397 Christus
1239 3331 1309 3414 ipse
1356 3346 1385 3398 71

164 3420 318 3520 sapientia
341 3440 400 3512 est,
424 3439 610 3502 naturaliter
632 3440 664 3502 in
688 3441 874 3503 uniuersum
898 3440 1015 3503 habens
1041 3440 1125 3521 quod
1152 3440 1183 3503 in
1212 3440 1310 3504 rebus
1328 3464 1355 3503 aa

164 3544 311 3608 humanis
336 3544 483 3609 Salomon
509 3546 631 3627 aceepit
653 3566 709 3628 per
733 3547 877 3630 gratiam.
899 3547 1033 3628 denique
1053 3546 1137 3629 quod
1156 3547 1313 3629 accipitur

253 3752 535 3822 3Paralip.122‚9
626 3753 727 3823 alleg.
746 3752 788 3806 III
807 3756 833 3821 2,
851 3755 883 3808 al
904 3772 963 3824 sqq.
1049 3756 1308 3826 6Reg.1111.5;

163 3846 188 3901 2.
210 3845 241 3896 111
261 3860 319 3912 sqq.
372 3842 405 3895 10
424 3843 522 3895 l'solrn.
542 3841 663 3895 Lxxla
711 3843 741 3895 ll
765 3843 842 3912 Uerg.
864 3843 1108 3912 durannum
1156 3845 1189 3899 13
1207 3845 1308 3899 Psahn.

163 3931 249 3985 LXXI
268 3933 284 3984 8
341 3930 373 3984 18
391 3931 490 3983 Psalm.
510 3931 596 3983 LXXI
617 3931 649 3985 10
669 3948 708 4000 sq.
764 3933 798 3985 23
818 3934 883 4000 lleg.
904 3933 989 3997 1113,
1009 3934 1026 3986 9

200 4055 397 4107 lsolomonem
417 4054 454 4106 M
494 4056 678 4107 damnatorem
700 4054 755 4107 ΤΧ
772 4059 888 4108 actorem
908 4056 935 4108 B
954 4060 1091 4109 auctorem
1110 4061 1159 4111 eet.
1202 4059 1310 4112 (linter

162 4142 293 4211 templum
315 4145 342 4194 et
361 4141 445 4194 altare
465 4144 559 4210 templi
579 4143 649 4195 B‘P¹
704 4143 818 4196 adoniae
837 4144 882 4212 (nd
900 4161 921 4197 a.
940 4161 967 4198 u.
987 4145 1043 4214 m2)
1062 4146 1090 4198 B
1146 4146 1178 4200 12
1198 4147 1310 4202 uidendi

162 4230 284 4284 BDPJI
336 4231 369 4283 14
389 4230 478 4283 siriam
502 4230 553 4282 'l'B
625 4232 790 4301 prouinciam
812 4232 911 4285 ΜΨ
931 4234 1085 4302 prouinciae
1104 4241 1151 4289 cet.
1209 4237 1242 4292 15
1261 4238 1308 4291 hn-

162 4320 223 4372 buit
248 4319 315 4371 Dat
422 4319 453 4370 16
480 4321 673 4387 propagauerit
696 4320 796 4387 scripsi
823 4323 980 4390 propagarit
1007 4323 1043 4375 B‘
1071 4325 1235 4394 propagauit
1262 4334 1309 4382 cel.

164 4409 197 4461 18
217 4408 310 4460 sabam
329 4406 365 4474 (m
385 4406 515 4471 er·ns.)T.
603 4409 635 4460 21
656 4409 801 4461 intermina
820 4410 881 4462 PM
969 4412 1004 4464 24
1023 4415 1054 4465 ut
1074 4428 1152 4480 quam
1176 4413 1310 4469 TDNut

163 4494 227 4560 qnia
245 4495 271 4545 11
291 4511 369 4562 qnam
390 4495 453 4563 quia
471 4513 489 4564 χ
509 4495 571 4563 quia
590 4496 653 4548 Pl!
722 4497 814 4551 aberet
832 4498 863 4551 N
879 4498 998 4554 habebat
1018 4501 1106 4554 orauit
1125 4505 1192 4572 ntp¹
1229 4505 1263 4557 25
1282 4504 1310 4557 in

158 4599 203 4650 pr.
223 4599 274 4636 ont.
297 4581 390 4635 TY¹N
