2804 5168
172 371 213 423 De
223 369 441 439 interpellatione
450 368 499 422 Iob
511 375 538 420 et
548 368 638 422 Dauid
649 368 669 431 1,
681 370 703 424 7.
715 368 740 431 8,
750 369 856 423 24-26
878 367 963 434 (1634
975 366 1084 423 c-635
1096 367 1138 432 B).
1177 369 1241 432 227

100 567 242 639 milibus,
281 566 332 628 uel
371 565 443 646 quia
481 584 562 628 nuuc
600 565 692 628 adsui
730 565 851 628 caelum
890 564 1017 628 uidetur
1053 564 1177 627 nebulis
1212 567 1243 627 ct

101 674 236 756 caligine
260 673 484 752 nocturnisque
508 671 647 734 tenebris
672 675 704 734 et
727 690 835 735 croceo
861 671 921 734 dici
946 670 1107 752 surgentis
1129 670 1262 734 rubore.

101 781 227 844 diuersa
242 799 276 843 ac
292 779 449 843 discolora
464 778 568 860 specie
584 797 676 859 saepe
691 781 871 841 contextum
888 814 931 824 —
950 780 1026 840 tunc
1046 781 1152 839 autem
1172 796 1242 840 nox

101 905 175 950 non
206 887 284 949 erit
307 886 483 967 amplius
508 889 547 948 et
569 904 642 948 nou
667 884 913 967 indigebunt
936 885 1027 947 luce
1050 884 1243 946 lucernae

69 998 141 1056 set
169 992 321 1056 lumine
351 992 464 1063 solis„
495 992 588 1072 quia
617 990 806 1054 dominus
832 988 1100 1052 inluminabit
1123 1003 1244 1071 super

103 1119 180 1179 eoa
201 1099 285 1162 sicut
304 1099 381 1162 dixit
400 1099 555 1162 lohannes
580 1136 621 1143 -
646 1099 698 1161 uel
723 1097 797 1179 quia
821 1116 886 1160 rrae
910 1096 969 1160 his
994 1097 1056 1176 qui
1081 1095 1243 1159 adsuunt

10 1206 29 1264 5
102 1206 310 1269 ceruicalia
351 1205 394 1268 ad
437 1204 662 1269 auertendas
705 1203 845 1267 animas
887 1203 1027 1285 populi.
1068 1201 1292 1283 deplorantis

101 1313 273 1394 prophetae
302 1312 462 1375 miseriam
493 1314 618 1376 nostrae
646 1310 839 1393 sragditatis.
869 1328 949 1390 quae
978 1313 1009 1372 et
1038 1309 1068 1372 in
1094 1309 1151 1372 hae
1176 1308 1244 1372 uita

101 1418 242 1499 requiem
268 1437 326 1481 uon
351 1417 481 1481 haberet
505 1421 537 1480 et
559 1417 708 1479 uniuersa
733 1415 838 1478 subito
863 1416 993 1478 incursu
1017 1415 1129 1479 ruortis
1154 1414 1243 1478 aruit-

57 1550 81 1587 1o
101 1528 192 1598 teret,
209 1525 339 1605 spiritus
356 1527 484 1586 sanctus
500 1522 617 1585 infudit
631 1520 753 1584 tamdiu
768 1540 828 1584 nou
844 1524 1074 1585 resurrecturos
1089 1521 1244 1597 homines

102 1632 200 1696 donee
224 1632 345 1694 ueniret
368 1630 422 1712 qrii
446 1649 506 1693 non
530 1629 678 1691 adsuerat
701 1632 809 1691 uetera
828 1628 920 1691 nouis
939 1647 995 1691 nec
1016 1628 1244 1692 uestimentum

102 1758 219 1801 nouum
250 1738 451 1801 conmitteret
477 1736 507 1798 iu
538 1735 765 1799 uestimentum
791 1739 894 1806 uetus,
920 1734 975 1798 sed
1000 1735 1105 1798 omnia
1127 1737 1244 1799 faceret

102 1864 196 1919 noua,
231 1844 315 1906 sicut
348 1844 416 1925 ipse
449 1843 545 1906 dixit:
575 1860 660 1906 ecce
689 1841 824 1904 faciam
854 1861 958 1906 noua.
988 1842 1056 1924 ipse
1085 1845 1135 1906 est
1163 1843 1243 1905 enim

102 1950 302 2023 resurreetio,
331 1949 561 2032 primogenitus
591 1968 626 2012 ex
654 1948 801 2024 mortuis,
831 1948 860 2010 in
892 1967 953 2029 quo
983 1967 1092 2012 ornnes
1117 1947 1244 2029 quidem
1256 1952 1343 2009 6351·

58 2082 83 2121 15
102 2058 356 2140 praerogatiuam
379 2055 504 2119 sutrinae
529 2056 770 2120 insurrectionis
795 2056 999 2138 accepimus:
1024 2056 1111 2120 solus
1140 2060 1245 2119 tumen

103 2165 205 2228 adhuc
229 2162 458 2227 resurreetione
483 2166 633 2245 perpetua
657 2163 853 2225 resurrecxit.

11 2272 54 2334 26
148 2270 265 2334 Audito
290 2270 390 2353 igitur
414 2270 488 2350 quid
512 2270 640 2333 locutus
665 2273 750 2333 essct
773 2270 802 2332 iu
830 2288 865 2332 eo
891 2270 968 2332 cleris
993 2272 1024 2332 ct
1044 2268 1170 2352 cognito
1190 2288 1245 2350 per
1272 2277 1294 2330 B

104 2377 251 2458 spiritum
276 2381 420 2439 sanetum
445 2377 528 2457 quod
552 2376 638 2440 filius
662 2377 712 2439 dci
737 2395 797 2440 non
820 2376 922 2440 solunt
943 2375 1066 2439 ueniret
1084 2377 1114 2438 iu
1134 2379 1244 2451 terras,

103 2483 159 2547 sed
188 2482 283 2546 etiarn
313 2482 522 2546 descensurus
553 2489 637 2546 esset
666 2483 704 2546 ad
733 2483 860 2555 inferos,
886 2484 922 2544 ut
945 2484 1088 2545 mortuos
1112 2483 1247 2546 resusci-

57 2616 82 2652 πο
103 2592 186 2652 taret
208 2625 251 2634 —
276 2587 360 2669 quod
384 2596 461 2651 tune
485 2588 612 2668 quidem
637 2589 756 2652 facturn
782 2591 831 2651 cst
855 2588 893 2651 ad
917 2587 1137 2651 testimonium
1161 2607 1247 2670 prae·

104 2695 243 2758 sentium
284 2700 315 2757 et
348 2695 523 2775 exemplum
554 2695 732 2758 futurorum
758 2732 800 2740 -
825 2712 998 2757 conuersus
1022 2693 1061 2756 ad
1085 2694 1246 2758 dominum

105 2801 169 2863 ait:
203 2800 348 2863 utinam
380 2801 415 2863 in
448 2800 594 2864 inferno
628 2821 682 2864 rno
712 2819 967 2876 conseruares,
997 2800 1247 2864 absconderes

104 2912 230 2970 autem
268 2926 331 2982 rue,
373 2906 488 2970 donee
526 2906 673 2971 desinat
710 2908 764 2971 ira
800 2910 865 2971 tua
904 2911 940 2972 et
973 2911 1122 2972 statuas
1155 2908 1248 2972 mihi

103 3020 264 3095 ternpus,
289 3014 324 3076 in
350 3032 420 3095 quo
440 3015 653 3078 memoriam
673 3016 743 3078 mei
760 3015 888 3079 iacias.
910 3014 941 3078 si
962 3015 1056 3078 eninr
1076 3018 1247 3080 mortuus

56 3121 223 3190 assuerit
256 3119 374 3192 homo,
414 3121 520 3183 uiuet
558 3139 817 3184 consummans
857 3120 936 3184 dies
973 3121 1076 3185 uitae
1114 3121 1247 3202 ipsius.

194 3345 305 3413 2l'crg.
327 3344 528 3413 Georg.1447
566 3345 784 3414 3Apoc.‘22‚5
822 3346 953 3399 dEzech.
971 3348 1011 3403 13.
1029 3347 1060 3399 18
1100 3348 1246 3402 llllattlr.

103 3434 128 3493 9,
151 3435 183 3486 16
278 3433 309 3484 13
329 3432 411 3501 Apoc.
431 3434 475 3493 21,
495 3435 510 3485 5
531 3432 588 3485 Ioh.
612 3435 651 3491 11.
672 3434 706 3487 ‘25
812 3436 844 3487 14
864 3434 965 3489 Coloss.
988 3437 1010 3492 1.
1033 3435 1064 3487 18
1084 3436 1166 3504 Apoc.
1190 3438 1211 3492 1,
1232 3440 1248 3488 5

104 3522 206 3576 221012
229 3524 270 3583 14,
292 3523 394 3575 13-17

140 3662 499 3716 3discoloreBdiscolori
519 3662 583 3715 DP‘
655 3650 926 3716 oilluuinahitdffs
945 3665 979 3718 P'
1052 3664 1249 3718 lladsuuntP

105 3758 133 3815 (u
154 3753 203 3804 ali.
223 3768 243 3804 a.
263 3751 302 3820 u.)
323 3751 441 3803 adsumit
464 3754 485 3800 (J
577 3753 609 3805 10
633 3756 828 3804 resurrecturos
847 3753 874 3805 P
893 3756 919 3810 (o
939 3771 971 3807 cx
990 3770 1058 3807 corr.
1078 3759 1109 3805 ut
1127 3754 1248 3817 uidetur)

104 3840 308 3894 resurrectionis
327 3840 354 3893 Β
411 3842 441 3893 11
463 3840 562 3893 uenirit
581 3841 608 3893 P
626 3842 646 3903 (i
662 3857 706 3908 pr.
727 3859 760 3892 ar
780 3844 804 3905 ο)
879 3841 1005 3895 adsuerat
1019 3843 1046 3895 P
1065 3845 1090 3906 (e
1110 3842 1158 3894 ult.
1179 3859 1211 3895 ex
1230 3843 1249 3911 i)

106 3931 139 3983 12
159 3929 248 3982 omnia
268 3944 317 3981 oui.
342 3927 364 3975 (¹
437 3930 469 3982 13
488 3944 560 3980 noua
578 3928 648 3982 laeio
668 3929 759 3981 omnia
778 3928 804 3980 B
877 3931 910 3983 14
928 3931 986 3999 ipsc
1005 3930 1201 3999 primogenitus
1221 3931 1250 3983 D

106 4019 139 4071 16
159 4017 318 4070 resurrecxit
337 4017 591 4069 Presurrexiteet.
649 4017 680 4070 17
701 4016 772 4085 quod
792 4017 819 4069 B
876 4019 907 4072 18
928 4018 971 4071 dei
990 4018 1102 4071 iiliusB
1158 4019 1190 4072 19
1208 4020 1250 4088 ut]

106 4104 179 4158 ecc
258 4105 432 4157 resuscitaret
450 4105 477 4156 P
497 4109 521 4163 lc
541 4104 590 4156 alt.
611 4121 644 4157 ex
662 4105 681 4169 i)
747 4105 782 4158 20
802 4108 843 4158 est
861 4123 911 4160 oua
931 4107 996 4160 DP‘
1068 4109 1250 4176 praesentium

105 4195 132 4247 B
150 4195 174 4263 (s
193 4210 227 4247 en
247 4193 273 4256 d)
330 4194 364 4246 22
383 4210 425 4246 rue
445 4210 495 4247 orn.
515 4193 579 4246 DV
653 4211 824 4248 conseruarcs
844 4194 1021 4249 absconderes
1040 4196 1067 4248 P
1086 4199 1140 4264 (cs
1159 4196 1201 4250 bis
1220 4212 1252 4249 ccc

104 4283 154 4346 -iai
211 4284 245 4337 25
264 4283 336 4335 uiuit
354 4282 418 4336 DP‘
437 4282 513 4335 uiuet
532 4286 560 4335 et
579 4281 604 4335 (f

1166 4390 1214 4445 15*
