2804 5168
261 363 265 372 Ι
311 286 446 356 Apologia
460 287 550 341 Dauid
566 288 745 352 altera4‚25.
766 289 800 342 26
826 289 851 360 (I
866 290 1048 344 7141)-115
1062 291 1108 356 1)).
1214 297 1278 361 373

137 485 307 550 admodum
336 484 435 568 igitur
458 504 538 567 quos
562 504 653 567 pares
677 485 781 549 Dauid
804 486 873 569 regi
896 486 948 550 nel
973 485 1134 553 Salomoni
1158 488 1376 554 uirtutetroh

137 592 330 675 cognoscitis
356 592 538 656 condicione
562 592 697 675 impares
721 592 880 669 iudicatis,
899 597 937 658 ut
956 592 1155 661 Salomonem
1175 595 1280 660 Dauid

135 700 238 764 filiurn
265 700 387 782 putetis
416 698 454 762 acl
483 698 533 762 dei
561 699 669 763 sedere
697 698 866 777 dexteram,
894 703 1080 782 praesertim
1111 721 1183 765 cum
1212 702 1280 785 ipse

135 807 239 871 Dauid
259 805 424 870 euidenter
447 805 484 869 de
510 824 571 886 quo
596 806 716 870 dictum
740 810 827 870 esset
845 808 1057 889 expresserit?
1076 828 1177 890 neque
1197 808 1279 873 enim

102 915 175 977 ade
200 933 257 977 sno
282 913 347 976 filio
373 912 511 976 diceret:
538 912 632 977 dixit
656 912 828 977 dominus
854 913 1003 980 domino
1027 934 1122 979 meo:
1148 915 1234 980 sede
1263 936 1280 979 a

136 1020 277 1084 dextris
292 1019 395 1085 meis.
411 1020 569 1101 quomodo
586 1020 668 1083 enim
684 1019 786 1083 lilium
802 1040 896 1085 sunm
908 1021 1069 1086 dominum
1081 1022 1280 1087 nominaret?

135 1128 184 1190 lex
207 1126 364 1208 prohibet,
388 1129 544 1209 repugnat
566 1126 689 1210 religio,
714 1126 861 1191 abhorret
883 1127 973 1205 fides,
998 1130 1034 1190 ut
1058 1128 1097 1191 ad
1121 1130 1279 1193 dexteram

136 1233 187 1297 dei
211 1234 437 1315 omnipotentis
462 1234 626 1297 mortalem
651 1235 810 1298 hominem
833 1234 930 1300 loces,
956 1235 1037 1299 alius
1063 1239 1113 1300 est
1141 1235 1195 1300 ille
1225 1237 1279 1318 qni

136 1340 226 1404 sedet
258 1340 297 1403 ad
330 1340 500 1417 dexteram,
534 1340 588 1421 qui
621 1360 735 1423 corpus
769 1342 922 1422 suscepit,
955 1361 1016 1406 non
1046 1342 1100 1423 qni
1128 1343 1233 1423 coepit
1261 1353 1327 1407 (Β

90 1473 116 1510 ιο
137 1466 276 1528 corpore,
310 1447 364 1530 qui
388 1451 461 1511 ante
484 1448 653 1511 luciferum
677 1449 803 1530 genitus
828 1453 887 1525 est,
911 1448 943 1511 id
968 1452 1018 1512 est
1040 1451 1112 1512 aute
1137 1451 1278 1514 omniurn

135 1555 292 1619 lmnimrm
317 1555 505 1631 claritatem,
531 1556 678 1636 quoniam
702 1555 772 1637 ipse
797 1555 917 1619 creauit
939 1556 1100 1620 uariorum
1123 1557 1280 1621 luminum

136 1663 317 1739 claritates;
346 1682 418 1727 uam
443 1661 592 1727 Salomon
619 1663 731 1744 ntique
759 1665 834 1745 post
856 1663 1023 1727 luciferum
1048 1666 1107 1741 est,
1133 1663 1279 1729 Salomon

136 1770 283 1834 sacerdos
317 1788 378 1833 non
411 1768 492 1837 fuit:
527 1772 559 1832 et
591 1768 661 1832 ideo
691 1768 753 1832 dici
783 1769 811 1832 ei
840 1788 858 1832 a
886 1768 943 1833 deo
973 1769 1190 1853 omnipotente
1218 1790 1279 1835 non

135 1877 258 1958 potnit:
294 1895 334 1938 ea
363 1879 469 1940 utero
499 1880 584 1939 ante
613 1875 816 1939 luciferum
844 1876 958 1959 genui
987 1878 1041 1951 te;
1071 1876 1134 1940 dici
1162 1877 1191 1939 ei
1218 1895 1278 1942 non

91 2006 116 2044 m
136 1984 259 2065 potuit:
281 1986 320 2047 tu
341 2003 379 2047 es
400 1983 580 2047 sacerdos
604 1982 640 2046 in
666 1985 857 2046 aetornum
883 1982 1087 2047 secundum
1112 1983 1279 2047 ordinem

134 2089 437 2166 Melchisedech,
465 2090 600 2153 maxime
630 2108 702 2153 cum
731 2089 786 2153 illo
811 2089 1018 2171 intempore,
1043 2108 1104 2171 quo
1130 2088 1279 2154 Salomon

135 2198 207 2273 fait,
256 2198 430 2261 secundum
477 2197 618 2261 ordinem
651 2196 767 2275 Aaron,
799 2215 862 2261 non
900 2195 1074 2260 secundum
1111 2195 1326 2262 Melchisec

135 2306 214 2369 doch
246 2305 364 2369 fuerint
397 2304 587 2368 sacerdotes.
621 2303 725 2368 adhuc
758 2303 842 2367 euim
875 2302 1054 2367 sacerdotes
1092 2302 1279 2385 sanguinem

135 2412 292 2476 hircorum
331 2416 425 2492 atque
458 2414 620 2475 taurorum
657 2428 713 2493 pro
745 2409 885 2493 peccatis
918 2409 1021 2491 plebis
1055 2413 1087 2473 et
1120 2410 1277 2474 erroribus

90 2538 116 2576 20
135 2519 320 2595 offerebant3
353 2521 562 2601 posteaquam
595 2537 671 2583 uero
705 2517 836 2581 aduenit
867 2517 922 2599 qui
950 2520 1052 2581 semet
1083 2517 1190 2599 ipsum
1221 2535 1277 2599 pro

135 2627 237 2691 salute
271 2626 390 2691 obtulit
422 2625 542 2703 mundi,
566 2628 603 2688 ut
635 2643 715 2706 quos
743 2627 907 2688 taurorum
931 2623 1062 2706 sangnis
1085 2624 1193 2687 lauare
1216 2643 1277 2687 non

135 2738 258 2818 poterat
278 2732 397 2798 Christi
421 2732 551 2816 sanguis
575 2730 726 2810 ablueret,
751 2735 853 2796 semet
870 2730 958 2816 ipsos
978 2733 1149 2812 coeperunt
1168 2730 1277 2794 offerre

134 2861 189 2924 pro
214 2840 328 2904 hostiis
352 2839 542 2904 sacerdotes.

41 2949 87 3011 26
177 2947 289 3028 ltaque
331 2965 393 3009 una
434 2944 619 3026 quaestione
661 2943 809 3008 dominus
850 2948 958 3010 noster
997 2944 1087 3008 Iesus
1131 2943 1277 3009 Christus
1305 2956 1330 3008 D

89 3072 114 3109 ε(
135 3054 274 3117 omnium
307 3051 537 3116 haereticorum
569 3069 623 3115 ora
655 3051 785 3133 saepsit,
819 3051 985 3134 sacrilegia
1017 3051 1184 3115 conclusit.
1217 3069 1276 3115 non

134 3161 238 3224 solum
271 3160 354 3223 enim
387 3159 533 3237 ludaeos,
566 3158 623 3222 sed
656 3158 752 3222 etiam
784 3158 991 3221 Photinianos
1025 3163 1057 3220 et
1084 3158 1217 3222 Arianos
1247 3161 1278 3221 et

222 3372 238 3423 5
257 3370 356 3424 Psalm.
376 3368 479 3424 Cl'llll
499 3370 512 3422 1
588 3367 621 3420 lo
639 3367 738 3420 Psalm.
759 3365 896 3420 esurus
971 3365 1004 3418 14
1022 3365 1121 3421 Psalm.
1141 3365 1277 3421 CVIIlle

135 3460 167 3513 15
185 3459 284 3512 Psalm.
304 3457 406 3513 CVllll
425 3460 442 3511 4

169 3584 184 3636 3
205 3582 341 3636 dexteram
361 3582 405 3636 dei
423 3581 516 3634 sedere
534 3581 630 3634 DNB'
650 3579 694 3633 dei
713 3579 848 3633 dexteram
868 3577 961 3631 sedere
984 3578 1051 3631 T‘P⁴
1118 3580 1135 3631 5
1154 3596 1202 3632 suo
1222 3579 1277 3632 lilio

138 3671 224 3734 TNP,
244 3688 292 3723 suo
313 3686 363 3724 om.
383 3670 426 3733 P,
446 3669 502 3723 filio
522 3686 570 3722 suo
590 3675 637 3722 cet.
742 3667 876 3722 adentris
895 3666 962 3719 meis
985 3654 1072 3720 ΤΗΝ
1089 3667 1122 3720 ad
1143 3667 1276 3720 dexteram

133 3777 220 3813 meam
240 3766 287 3812 cet.
343 3761 455 3812 6suum
475 3758 561 3811 filium
580 3757 643 3810 PM
695 3756 838 3811 ‘laborret
859 3756 883 3808 l·
943 3756 976 3809 10
994 3755 1023 3808 id
1043 3755 1094 3825 est]
1114 3773 1167 3809 non
1187 3758 1232 3824 qni
1256 3756 1281 3809 Τ

136 3850 168 3901 12
194 3848 331 3901 claritates
353 3847 378 3900 Τ
402 3848 549 3900 uarietates
574 3848 634 3899 DN
658 3846 806 3916 dignitates
833 3851 878 3900 ret.
973 3845 1005 3897 17
1032 3844 1151 3897 ordinem
1178 3861 1229 3898 our.
1248 3844 1281 3897 N

171 3937 202 3989 11
222 3935 422 3989 melchisedech
446 3936 471 3989 T
486 3935 507 4005 (l
525 3952 546 3991 a.
564 3936 604 4006 a.)
622 3935 655 3988 N
671 3935 790 3988 ordinem
809 3931 1008 3988 melchisedech
1027 3938 1073 3988 cet.
1148 3935 1180 3986 18
1207 3934 1276 3986 enim

133 4042 184 4079 om.
208 4024 283 4107 PBL
332 4026 366 4079 20
389 4029 565 4094 posteaquam
585 4041 649 4077 uero
668 4024 693 4077 Τ
710 4028 885 4094 posteaquam
906 4040 969 4075 nero
988 4015 1084 4092 W*
1103 4027 1200 4091 postca
1214 4039 1277 4075 uero

134 4131 214 4183 quam
232 4130 281 4183 xps
301 4120 347 4167 cet.
428 4116 458 4168 21
480 4114 574 4167 mundi
593 4112 694 4166 obtulit
714 4113 826 4182 (optulit
844 4112 883 4170 Dr
903 4112 951 4181 Dp
1023 4112 1058 4164 26
1078 4111 1158 4164 ctiam
1179 4127 1228 4165 our.
1248 4108 1280 4163 N

169 4203 315 4256 fotinianos
335 4203 400 4257 aori
417 4217 519 4272 ecrrrpcr
590 4202 710 4254 arrianos
729 4201 795 4255 liora·
812 4216 913 4268 scurpcr
