2784 5228
119 698 163 760 44
592 695 791 749 Ambrosii

121 889 226 971 possit
249 888 413 965 obnoxius,
438 887 494 954 sed
519 889 621 956 dicat:
647 909 858 973 cognosce,
883 890 916 955 si
941 889 1036 971 quid
1061 892 1171 954 tuum
1201 898 1267 956 est

121 994 225 1077 apud
258 1015 324 1060 me.
359 998 391 1059 et
424 995 584 1077 quaesiuit
607 995 711 1060 Laban
738 999 771 1060 et
798 997 876 1060 nihil
906 1016 1000 1060 suum
1027 997 1151 1061 inuenit
1179 997 1267 1080 apud

120 1103 225 1170 Iacob.
258 1122 393 1186 magnus
427 1104 477 1166 uir
510 1108 541 1165 et
573 1123 646 1168 uere
679 1103 801 1180 beatus,
836 1103 889 1184 qui
922 1104 1000 1167 nihil
1033 1123 1127 1168 suum
1159 1105 1269 1186 potuit

122 1211 277 1288 amittere,
308 1209 387 1273 nihil
416 1210 553 1274 alienum
584 1210 709 1286 habere,
739 1211 798 1275 hoc
828 1216 877 1275 est
904 1210 983 1273 nihil
1011 1211 1115 1274 miuus
1140 1211 1267 1288 habere,

120 1315 201 1380 nihil
233 1315 441 1399 superfluum.
474 1316 583 1398 itaque
616 1318 669 1380 ille
697 1318 858 1398 perfectus
888 1321 946 1393 est,
976 1317 1027 1381 cui
1055 1316 1136 1380 nihil
1163 1317 1266 1393 deest,
1299 1339 1312 1378 s

120 1423 238 1501 iustus,
255 1422 306 1487 cui
321 1422 400 1487 nihil
417 1441 513 1506 snpra
527 1427 594 1497 est3
616 1423 675 1488 hoc
691 1425 773 1487 enim
789 1428 839 1488 est
858 1424 1001 1488 iustitiae
1020 1427 1124 1488 tenere
1139 1443 1268 1488 mensu-

122 1549 198 1595 ram.
219 1533 337 1613 quanta
356 1531 470 1608 uirtus,
490 1530 582 1594 cuius
602 1531 739 1595 societas
758 1531 880 1594 lucrum
901 1530 1005 1608 dabat,
1024 1551 1084 1595 nou
1099 1531 1269 1614 inrogabat

123 1634 341 1720 dispendium!
358 1636 416 1700 hoc
432 1640 482 1700 est
495 1636 672 1717 pellectum
687 1655 767 1711 esse,
783 1635 1028 1700 adhaerentibus
1043 1636 1104 1699 sihi
1119 1637 1269 1701 conmodi

120 1744 294 1826 plurimum
319 1742 402 1820 dare,
428 1743 508 1807 nihil
531 1742 651 1807 adferre
676 1743 867 1807 inconmodi.

75 1846 119 1907 22
168 1851 311 1933 Denique
344 1851 371 1914 is
406 1850 459 1933 qui
491 1868 603 1914 nocere
638 1850 785 1931 cupiebat
818 1851 939 1914 inanem
971 1869 1043 1914 eum
1071 1870 1131 1915 uon
1160 1853 1268 1933 potuit
1288 1875 1313 1912 ιο

122 1959 292 2025 dimittere.
322 1959 447 2040 sapiens
477 1957 559 2021 euim
589 1976 761 2039 numquam
789 1957 890 2021 inanis
920 1961 979 2032 est,
1009 1976 1135 2039 semper
1166 1957 1197 2021 iu
1232 1978 1267 2022 se

122 2066 242 2132 habens
271 2066 424 2130 anuinium
453 2064 648 2148 prudentiae,
678 2065 733 2147 qui
760 2067 868 2148 potest
900 2064 1023 2129 dicere:
1056 2065 1267 2130 iustitiam

122 2170 1267 2253 induebametuestiebariudicium‚sicutdiritlob.namqne

123 2281 200 2344 haec
227 2279 343 2342 nrerrtis
373 2283 448 2342 sunt
476 2278 600 2342 iuterna
626 2278 794 2354 uelamina,
825 2293 904 2360 quae
932 2296 1023 2342 nemo
1053 2277 1134 2342 alius
1163 2279 1268 2360 possit

123 2387 256 2463 auferre,
285 2387 346 2450 nisi
376 2405 448 2450 curu
477 2385 616 2468 aliquem
644 2404 703 2448 sua
731 2385 823 2466 culpa
856 2383 1017 2466 dispoliat.
1052 2384 1186 2466 denique
1221 2385 1268 2449 sic
1288 2413 1312 2454 ra

124 2493 314 2576 dispoliatus
337 2493 437 2557 Adam
462 2493 566 2557 nudus
594 2493 744 2556 inuentus
774 2496 833 2555 est.
863 2495 895 2554 at
922 2511 997 2554 uero
1026 2491 1140 2573 loseph
1170 2491 1267 2555 etiam

123 2601 315 2664 uestimento
341 2601 491 2663 exteriore
510 2599 626 2663 reiecto
646 2599 750 2662 nudus
770 2617 830 2660 non
851 2603 927 2672 erat.
947 2597 1001 2679 qui
1021 2598 1110 2661 salua
1129 2597 1269 2662 habehat
1313 2611 1321 2651 ².

122 2705 306 2770 indumenta
321 2706 461 2770 uirtutis.
475 2724 648 2786 numquam
664 2723 738 2786 ergo
753 2705 855 2768 inanis
871 2705 1006 2786 sapiens.
1021 2724 1092 2768 nam
1108 2704 1268 2786 quomodo

122 2812 234 2887 inania
259 2813 312 2893 qui
337 2811 374 2875 de
398 2810 595 2893 plenitudiue
620 2810 739 2875 Christi
759 2811 880 2893 accepit
899 2814 931 2874 et
950 2815 1057 2874 seruat
1075 2813 1267 2892 acceptum?

121 2918 279 2999 quomodo
295 2918 406 2994 inanis,
427 2918 519 2982 cuius
538 2918 659 2999 repleta
678 2921 728 2980 est
746 2917 859 2993 anima.
880 2937 958 2999 quae
978 2925 1125 2999 acceptae
1145 2919 1267 3000 gratiae
1286 2941 1312 2979 eo

122 3024 314 3088 uestimenta
329 3025 495 3089 custodit?
514 3024 595 3087 illud
614 3023 820 3088 metuendum
840 3029 898 3103 est,
919 3044 957 3087 ne
977 3025 1048 3106 quis
1067 3025 1267 3089 innocentiae

123 3131 266 3193 uelamen
291 3131 427 3197 amittat.
452 3149 489 3194 ne
513 3130 601 3213 impii
627 3131 800 3214 sacrilegae
819 3131 1049 3213 persecutionis
1068 3131 1267 3211 inpressione

122 3237 273 3300 terminos
298 3236 440 3300 iustitiae
465 3237 663 3320 supergressi
688 3238 918 3301 uestimentum
942 3238 1064 3301 animae
1090 3255 1124 3300 ac
1148 3238 1267 3301 mentis

121 3343 265 3424 eripiant.
290 3343 375 3424 quod
398 3363 459 3407 non
484 3343 575 3407 filcile
600 3344 724 3418 accidit,
749 3344 811 3407 nisi
834 3345 921 3425 prius
946 3344 1084 3424 aliquem
1108 3363 1168 3406 uon
1188 3363 1265 3408 suae

24 3483 25 3487 =
122 3449 299 3531 iniquitatis
325 3450 453 3513 exuerit.
478 3450 560 3514 uude
591 3452 623 3513 et
651 3446 755 3512 Dauid
784 3449 879 3512 dicit:
910 3449 943 3512 si
973 3454 1032 3512 est
1060 3449 1265 3530 iniquitas
1284 3470 1309 3510 ss

121 3555 160 3620 in
185 3556 371 3620 manibus
395 3556 504 3632 meis,
525 3556 706 3619 decidam
728 3555 872 3622 merito
894 3555 937 3618 ab
959 3555 1142 3619 inimicis
1163 3556 1264 3618 meis

213 3772 313 3826 lGen.
334 3773 376 3834 31,
396 3772 431 3823 32
468 3768 571 3826 2Gcn.
590 3772 632 3832 31,
653 3771 687 3824 32
730 3772 762 3824 12
781 3770 829 3824 lob
850 3771 892 3831 29.
914 3771 947 3823 14
991 3771 1022 3824 15
1043 3770 1108 3824 Gen.
1130 3771 1154 3833 3,
1172 3773 1204 3825 10
1224 3789 1264 3841 sq.

124 3863 156 3916 16
177 3860 242 3915 Gerr.
263 3862 305 3921 39.
327 3862 359 3914 12
414 3860 566 3913 25Psa1m.
588 3859 640 3912 Vll
659 3862 728 3914 4-6

159 3987 175 4040 2
204 3985 275 4054 apud
298 4001 340 4038 me
366 3990 386 4038 ,l
414 3994 450 4050 (ru
473 3985 505 4037 in
527 3990 593 4047 ras.)
704 4003 782 4038 suum
807 3986 925 4054 repperit
947 3986 980 4047 P,
1006 3988 1040 4053 ef.
1061 4004 1090 4054 p.
1118 3990 1164 4052 45,
1192 4003 1219 4038 u.
1248 3991 1266 4040 7

122 4076 139 4128 3
157 4075 249 4144 potuit
268 4092 344 4126 suurn
363 4076 404 4130 lt¹¹
479 4075 511 4127 10
531 4073 699 4130 hlaAPreu
774 4076 805 4127 14
825 4075 976 4127 uelamiuea
995 4076 1021 4127 A
1040 4078 1119 4138 (corr.
1139 4092 1172 4127 ru.
1193 4079 1263 4140 urst.)

125 4166 157 4217 15
177 4163 312 4232 despoliat
330 4163 398 4214 Pet
418 4172 443 4224 (c
463 4179 495 4215 ea
514 4163 533 4217 il
553 4165 633 4218 dicad
651 4164 741 4217 a‘aa
826 4180 932 4216 rrersrcm
951 4164 1079 4216 reltiruum
1097 4164 1128 4215 r'a
1146 4163 1196 4227 fol.
1215 4168 1265 4217 1⁸8⁰

124 4253 189 4305 libri
215 4255 251 4319 A,
276 4269 329 4320 qao
356 4252 532 4305 contine-ntur·
558 4251 641 4304 uerba
667 4250 884 4319 denique...at.
912 4253 969 4319 fere
1001 4259 1086 4305 totum
1114 4252 1265 4305 abscissum

121 4341 260 4409 suppleuit
283 4359 304 4394 s.
329 4358 355 4393 a.
380 4346 426 4393 md
537 4341 569 4392 16
594 4339 755 4408 dispoliatus
775 4343 853 4394 Arrii
881 4341 905 4393 Τ
928 4341 1096 4410 despoliatus
1115 4344 1199 4394 Aura
1217 4347 1265 4394 cet.

159 4430 193 4482 ad
212 4447 274 4482 uero
294 4431 321 4482 P
391 4430 485 4498 ioselrp
505 4431 532 4482 Α
580 4430 610 4481 li
632 4430 732 4482 reiecto
751 4431 775 4486 tl
794 4431 818 4499 (r
836 4431 865 4482 iu
885 4431 955 4499 ras.)
974 4430 1069 4482 relicto
1089 4430 1128 4481 N‘
1168 4430 1200 4482 19
1221 4447 1264 4482 ac·

123 4519 190 4586 cipit
208 4519 244 4571 N'
270 4519 290 4586 (i
304 4535 349 4586 pr.
369 4519 400 4570 e'rr-
419 4535 474 4571 raes.
495 4523 541 4570 mt’
559 4518 602 4582 16)
730 4520 763 4571 ‘21
789 4519 857 4570 illud
876 4519 904 4571 P
927 4518 955 4583 (d
980 4525 1058 4572 extro
1081 4535 1108 4570 u.
1133 4535 1167 4570 rra.
1195 4520 1265 4588 aret.)

122 4610 157 4661 22
177 4608 299 4660 uelamen
320 4608 346 4660 A
366 4612 394 4674 (n
413 4625 434 4663 e.
454 4618 493 4674 a.)
549 4606 706 4676 sacrilegem
723 4610 748 4659 Α
770 4611 806 4674 (m
826 4612 907 4671 eras.)
947 4610 980 4662 26
1000 4609 1095 4660 merito
1111 4607 1176 4675 Plo
1192 4625 1225 4661 ex
1240 4613 1264 4676 e)
