2804 5168
148 665 213 730 290
629 664 826 720 Ambrosii

147 859 228 942 cipio
253 862 286 923 et
307 858 467 924 doctrinae
492 859 643 943 spiritalis
672 860 816 925 diruatur
843 861 998 946 ingressu.
1026 861 1178 928 fundatus
1207 864 1292 929 enim

146 985 206 1032 usu
236 971 330 1050 atque
358 968 577 1033 exercitatione
605 966 780 1032 immobilis
807 974 991 1050 perseuerat
1018 989 1073 1035 nec
1100 970 1208 1036 locum
1239 972 1293 1036 dat

147 1074 175 1138 ei
205 1073 258 1156 qui
286 1073 319 1136 in
347 1093 508 1138 summum
537 1074 628 1157 quasi
657 1074 883 1160 transfigurans
913 1094 947 1140 se
975 1076 1006 1140 in
1035 1079 1185 1161 angelum
1207 1078 1291 1143 lucis

148 1183 279 1246 conatur
310 1181 488 1246 ascendere.
520 1181 575 1264 qui
608 1182 636 1246 si
667 1182 699 1246 in
733 1183 824 1247 nobie
857 1203 914 1248 sua
947 1183 1038 1268 signa
1069 1204 1129 1249 non
1163 1184 1290 1263 uiderit,

147 1288 365 1353 auctoritatem
398 1287 567 1352 resistendi
599 1287 712 1352 habere
745 1308 805 1352 non
839 1289 964 1373 poterit.
994 1310 1067 1374 ergo
1096 1310 1134 1356 ne
1163 1291 1294 1376 adfligant
1325 1315 1337 1355 a

147 1415 205 1461 nos
228 1394 386 1470 inimicus,
410 1413 449 1458 nc
473 1413 546 1458 ossa
569 1398 676 1459 nostra
700 1396 886 1479 confringat,
906 1416 967 1461 non
987 1396 1170 1463 deficiamus
1189 1417 1293 1481 perse·

149 1520 257 1566 uerene
290 1501 322 1566 in
355 1500 493 1577 Christo,
526 1504 563 1566 ut
595 1502 680 1566 dicat
713 1502 750 1566 de
783 1503 892 1568 nobis:
926 1502 1106 1568 triduum
1143 1504 1293 1569 habent

149 1607 252 1691 quod
275 1611 545 1690 perseuerant
567 1626 732 1683 mecum,
753 1611 792 1672 et
812 1608 1021 1673 dimittere
1040 1627 1108 1673 eoa
1127 1609 1292 1674 ieiunos

149 1716 252 1791 nolo,
277 1734 321 1778 ne
346 1714 547 1778 defitient
569 1714 608 1778 in
632 1714 709 1778 uia.
733 1715 857 1792 beatus,
883 1716 934 1779 cui
958 1716 1026 1797 ipse
1045 1715 1150 1780 cordia
1171 1714 1293 1780 dederit

148 1820 392 1898 duramentum,
420 1825 458 1884 ut
485 1819 615 1884 deficere
644 1840 704 1885 non
732 1821 836 1903 possit
862 1822 893 1885 in
922 1822 1016 1887 istius
1045 1821 1132 1886 uitae
1164 1822 1290 1887 tramite
1310 1828 1373 1889 101>

150 1927 353 1992 constitutus,
381 1947 440 1992 non
465 1927 571 1991 deficit
595 1927 649 2010 qui
674 1930 781 2010 eperat
802 1928 834 1991 in
859 1928 984 1993 domino
1008 1931 1103 2010 atque
1128 1929 1157 1994 ei
1180 1929 1292 1995 intimo

150 2033 316 2098 confitetur
343 2034 467 2111 affectu,
493 2034 748 2117 quandoquidem
773 2035 869 2098 etiarn
894 2054 989 2117 eques
1015 2036 1079 2110 ille,
1103 2037 1196 2101 cuius
1221 2035 1294 2118 equi

150 2140 332 2204 calcaneum
370 2159 497 2224 serpens
534 2139 714 2216 momordit,
752 2141 814 2204 etsi
849 2145 931 2206 retro
975 2142 1098 2219 cecidit,
1141 2142 1293 2225 deceptus

149 2247 254 2312 tamen
279 2266 340 2312 non
365 2250 424 2323 est,
448 2246 523 2329 quia
546 2248 682 2311 salutem
706 2248 886 2330 expectauit
909 2268 927 2312 a
950 2249 1088 2314 domino.

62 2361 147 2445 8,29
194 2355 300 2421 Tertia
346 2372 471 2437 quoquo
517 2353 740 2436 interpellatio,
787 2354 871 2435 quod
911 2355 943 2419 in
984 2355 1088 2420 medio
1128 2355 1293 2421 hominurn
1312 2361 1375 2423 alt

149 2463 307 2548 nequitias
343 2460 556 2526 exercentium
596 2460 789 2526 constitutus
827 2481 953 2526 causam
991 2482 1081 2527 suam
1113 2462 1152 2527 ab
1185 2482 1294 2527 eorum

151 2571 296 2655 contagio
322 2568 430 2651 cupiat
452 2568 600 2650 separari.
626 2567 710 2650 quod
733 2569 828 2633 multi
851 2569 890 2633 ad
909 2570 1070 2634 dominum
1090 2571 1198 2635 Iesum
1216 2571 1295 2636 refe·
1357 2575 1376 2631 11

150 2679 281 2745 rendum
304 2681 427 2760 putant,
451 2694 487 2739 eo
507 2675 592 2757 quod
611 2675 712 2758 ipsius
732 2676 832 2741 solius
853 2682 901 2741 eet
920 2697 980 2742 non
999 2678 1110 2742 timere
1128 2677 1294 2755 iudicium,

151 2785 205 2869 qui
227 2784 330 2848 uincit
352 2802 425 2846 curn
447 2782 615 2846 iudicatur.
639 2783 735 2847 habet
758 2784 841 2848 enirn
865 2804 883 2848 a
905 2784 973 2849 uiro
996 2785 1105 2867 iniquo
1129 2784 1294 2861 iudicium,

151 2893 182 2957 in
225 2891 309 2974 quod
350 2890 462 2954 uolens
504 2888 650 2955 Christus
688 2891 873 2973 ingreditur,
911 2897 947 2956 ut
985 2892 1082 2957 habes
1119 2892 1293 2973 scriptum:
1312 2915 1337 2955 zo

152 3001 330 3083 populus
359 3016 478 3074 meus,
504 2996 601 3080 quid
623 2997 705 3061 feci
729 2998 808 3062 tibi
832 3002 900 3061 aut
924 2999 1018 3081 quid
1043 2999 1293 3064 contristaui

153 3107 214 3173 tc?
238 3109 378 3170 ceterum
403 3124 473 3169 cum
496 3104 558 3186 ipsi
583 3121 674 3168 omno
694 3104 848 3168 iudicium
869 3105 989 3169 dederit
1007 3108 1104 3187 pater,
1124 3124 1185 3169 non
1205 3105 1296 3187 quasi

152 3212 274 3277 infirmo
289 3211 411 3291 utique,
425 3209 480 3274 sed
497 3209 588 3292 quasi
603 3209 678 3285 filio,
694 3209 776 3290 quod
791 3213 897 3292 potest
911 3210 978 3292 ipse
994 3211 1099 3274 subire
1117 3209 1295 3274 iudicium?

155 3320 182 3384 si
209 3318 363 3383 iudicium
392 3316 491 3399 patris
520 3315 712 3379 arbitrantur
739 3315 803 3380 lilio
833 3336 903 3380 esse
937 3316 1148 3392 srrbenndum
1181 3319 1296 3398 pater

243 3543 260 3596 3
288 3542 316 3595 ΙΙ
335 3541 394 3596 Cor.
421 3542 515 3607 11,14
605 3544 621 3595 6
650 3542 748 3596 Psahn.
773 3541 886 3595 xxxxi
907 3543 937 3595 11
1031 3546 1045 3597 7
1074 3543 1174 3596 dlatth.
1200 3543 1242 3606 15,
1261 3542 1295 3597 32

154 3633 170 3684 9
198 3631 298 3684 Psalm.
320 3629 447 3683 xxxxll
472 3630 488 3682 2
580 3631 610 3682 ll
639 3629 767 3685 Prouerb.
793 3629 835 3691 28,
859 3632 893 3684 ‘25
916 3631 1015 3684 Psalm.
1035 3630 1147 3685 xxxxi
1172 3632 1188 3686 6
1215 3635 1243 3684 et
1263 3632 1296 3685 12

156 3721 188 3774 12
209 3718 274 3774 Gen.
294 3721 337 3776 49.
358 3720 390 3772 17
406 3735 445 3788 sq.
485 3720 517 3773 15
536 3719 634 3772 Psalm.
654 3717 809 3771 xnxxur
850 3720 1055 3779 morniaco
1093 3719 1296 3781 aaronem

155 3809 266 3862 241011.
286 3811 310 3868 5,
330 3807 364 3861 22
385 3824 425 3877 aq.

191 3933 207 3986 3
225 3931 420 4000 transfigurans
439 3930 466 3982 P
485 3936 507 3994 (e
522 3946 568 3997 pr.
588 3946 609 3982 o.
629 3929 667 3994 a.)
742 3931 768 3982 in
788 3947 838 3983 orn¹
859 3930 885 3983 B
945 3932 962 3983 4
982 3930 1088 3984 uideret
1105 3931 1132 3983 P
1151 3933 1183 3997 (·i
1216 3932 1297 3997 corr.)

156 4020 219 4073 DP‘
275 4018 468 4072 lhabctDP
524 4019 554 4071 ll
575 4017 789 4071 intinnoeiDP¹
847 4020 879 4071 1‘2
898 4019 944 4071 ille
960 4035 1040 4088 eques
1053 4018 1107 4071 BC
1162 4021 1194 4072 15
1212 4020 1296 4073 metio

156 4109 183 4162 P
201 4107 229 4169 ld
247 4125 268 4162 a.
289 4111 375 4171 cmc)
450 4107 482 4158 17
502 4105 664 4173 contagione
686 4106 714 4158 D
788 4107 820 4160 18
841 4111 882 4159 cat
900 4124 949 4160 om.
970 4107 997 4159 B
1062 4109 1093 4159 ‘31
1115 4107 1214 4176 popule
1233 4107 1297 4161 DP‘

193 4197 252 4264 quit
262 4195 349 4251 ‹uaP
361 4196 388 4247 in
404 4211 455 4263 quo
468 4195 493 4247 B
530 4195 564 4247 ‘22
584 4194 636 4263 ipsi
656 4212 733 4248 omne
753 4195 884 4249 indicium
903 4196 992 4249 PDP‘
1012 4213 1089 4249 omne
1108 4196 1238 4250 iudicium
1257 4195 1298 4250 illi

158 4322 219 4390 lipsi
243 4320 278 4378 o)
297 4319 351 4372 BG
420 4319 454 4372 23
474 4319 566 4386 utiquc
586 4319 691 4372 inlinno
711 4320 775 4373 DF
851 4300 906 4373 's'ed
925 4322 1001 4388 quasi
1021 4321 1075 4374 filio
1095 4320 1122 4374 B
1143 4324 1205 4387 (om.
1226 4320 1299 4391 quod

158 4408 286 4464 ...dedit
304 4408 373 4469 lilio;
394 4408 423 4459 in
442 4424 491 4475 ono.
511 4411 558 4459 m?
622 4408 714 4469 Deest,
736 4426 805 4476 nacae
823 4409 902 4476 iufra
921 4410 951 4462 in
971 4427 1018 4478 naq.
1034 4410 1099 4463 add.
1115 4411 1145 4464 al
1161 4410 1208 4465 aed
1222 4411 1301 4480 quasi

159 4539 181 4551 ..
195 4541 199 4551 .
211 4495 339 4549 iudicium
359 4495 499 4552 subire...
512 4499 542 4548 ut
557 4513 648 4550 onmes
664 4503 714 4550 etc.
731 4498 779 4550 l'el
796 4500 845 4552 sic:
861 4497 908 4551 scd
924 4500 1001 4567 quasi
1013 4542 1017 4552 .
1031 4544 1035 4553 .
1048 4541 1054 4553 .
1065 4499 1155 4552 subire
1170 4498 1299 4553 iudicium

158 4629 163 4641 .
177 4628 182 4639 .
194 4628 199 4639 .
211 4589 288 4654 pater
306 4584 399 4651 utique
419 4589 481 4650 etc.)
