2804 5168
141 721 204 784 108
608 719 807 774 Ambrosii

139 914 262 996 quaerit
296 915 393 978 uestri
426 914 549 998 pandus
583 918 712 1000 argenti.
747 919 912 999 argeutum
945 921 1086 980 uestrum
1116 917 1285 999 reprobum

73 1020 112 1082 51
140 1026 198 1095 est,
220 1026 386 1105 argentum
411 1022 528 1086 sacculi
554 1041 614 1086 non
641 1027 690 1087 est
712 1023 842 1087 bouum.
867 1028 1078 1107 argeutum
1103 1028 1285 1088 uestrum

139 1129 304 1211 probum
335 1135 546 1212 acceptum
577 1130 717 1196 haben.
747 1130 807 1195 boc
837 1135 904 1194 est:
931 1134 1061 1194 nonest
1084 1130 1163 1193 illud
1187 1136 1285 1194 mate-

138 1235 215 1299 riale
253 1240 429 1320 argentum,
469 1237 525 1301 sed
563 1237 705 1320 spiritale
741 1240 908 1320 argeutum
946 1241 1101 1313 uestrum,
1138 1237 1199 1302 hoc
1237 1241 1286 1301 est

138 1343 283 1423 probum,
308 1343 391 1424 quud
415 1342 479 1408 fida
502 1343 670 1408 deuotione
695 1344 786 1425 quasi
809 1343 902 1407 Iacob
926 1343 983 1407 filii
1008 1343 1180 1421 detulistis
1200 1343 1284 1425 quod
1316 1368 1328 1407 s

139 1449 206 1513 sine
231 1449 343 1514 damno
369 1450 462 1514 datur
485 1456 517 1514 et
536 1451 602 1514 sine
622 1450 689 1513 ullo
709 1451 933 1514 adnumeratur
953 1450 1128 1531 dispendia,
1149 1450 1284 1531 quanda·

138 1556 264 1637 quidem
306 1557 360 1620 tali
397 1557 499 1638 pretio
538 1556 763 1620 detrimentum
796 1557 907 1621 mortis
940 1556 1127 1633 excluditur,
1159 1557 1285 1619 lucrum

138 1661 224 1726 uitae
248 1662 435 1745 adquiritur.

7 1768 115 1850 lu,52
184 1769 438 1833 Paraueruut
470 1773 602 1832 autem
636 1789 809 1841 munera,
845 1768 968 1833 donee-
1001 1769 1198 1834 introiret
1230 1768 1285 1831 lo·

138 1875 234 1956 seph
259 1876 438 1940 meridie.
459 1875 649 1940 accelerauit
668 1874 830 1939 meridiem
849 1875 928 1939 fides
948 1876 1051 1938 Pauli.
1072 1878 1144 1939 aule
1169 1893 1284 1938 caecus
1304 1901 1327 1938 u

138 1986 213 2057 erat,
237 1986 350 2064 postea
373 1983 478 2064 coepit
495 1982 601 2046 lumen
620 1981 728 2045 uidere
747 1982 902 2058 iustitiae,
922 1982 1070 2064 qrrouiam
1091 1981 1144 2063 qui
1165 1980 1286 2044 reuelat

139 2088 177 2151 ad
207 2088 370 2152 domiuum
399 2089 484 2151 iriam
514 2107 605 2151 suam
635 2093 665 2152 et
694 2093 799 2171 sperat
823 2088 853 2151 in
880 2107 961 2164 eum,
987 2087 1134 2151 domiuus
1158 2106 1285 2170 qunque

139 2195 253 2258 educet
281 2198 442 2277 tamquam
465 2195 574 2258 lumen
598 2195 754 2258 iustitiam
780 2193 848 2258 eius
874 2198 906 2257 et
929 2193 1083 2257 iudicium
1108 2193 1176 2258 eius
1201 2193 1286 2256 sicut

137 2301 312 2366 meridiem.
338 2307 370 2366 et
392 2302 494 2365 Abrae
519 2301 644 2383 quaudo
664 2301 741 2365 deus
761 2300 908 2383 apparuit
926 2300 965 2363 ad
985 2300 1090 2364 ilicem
1110 2300 1284 2378 Mambrae,

138 2408 287 2473 meridies
316 2412 392 2486 erat,
418 2409 469 2473 cui
494 2408 532 2472 de
556 2408 734 2490 praesentia
759 2407 879 2471 domini
902 2408 955 2470 lux
980 2411 1106 2470 aeterna
1129 2406 1283 2490 fulgebat,
1304 2437 1326 2472 rs

139 2516 285 2580 meridies
315 2518 374 2587 est,
404 2516 529 2597 quaudo
559 2516 672 2598 loseph
703 2535 798 2579 uerus
827 2516 857 2577 iu
889 2515 1017 2579 domum
1053 2533 1143 2577 suam
1177 2513 1284 2589 intrat,

138 2627 174 2688 ut
201 2622 361 2705 prandeat.
391 2628 464 2687 tuuc
496 2623 577 2686 euim
607 2623 679 2706 plus
709 2622 776 2686 dies
805 2623 900 2687 lucet.
930 2621 1054 2701 quaudo
1089 2622 1285 2683 sacramenta

71 2735 112 2800 53
139 2728 344 2793 celebramus.
372 2733 409 2792 et
433 2729 616 2793 iutulcru
626 2735 667 2792 ut
689 2727 794 2809 iuquit
818 2729 853 2792 ei
877 2746 1050 2791 munera.
1076 2745 1133 2790 nas
1154 2746 1284 2790 munera

137 2836 312 2903 inferimus.
347 2836 399 2898 ille
437 2836 592 2899 instaurat
631 2834 825 2899 conuiuium.
863 2834 918 2897 ille
956 2833 1052 2897 dicit:
1091 2833 1283 2914 adponite

137 2961 269 3023 penes,
300 2961 378 3023 quus
409 2942 468 3005 sali
496 2941 631 3006 Hebraei
661 2947 802 3017 sumunt,
831 2941 980 3024 Aegyptii
1004 2941 1195 3004 manducare
1220 2960 1280 3005 nun
1303 2966 1327 3005 ro

136 3050 279 3130 possunt.
319 3048 375 3111 sed
409 3050 480 3110 ante
515 3049 697 3112 conuiuium
732 3052 849 3129 quanta
882 3048 1042 3131 dignatio!
1077 3066 1170 3128 quam
1206 3065 1283 3110 usus

136 3156 231 3219 istius
255 3158 287 3218 et
311 3153 492 3218 sedulitatis
517 3159 549 3217 et
573 3155 693 3237 gratiae
717 3156 836 3218 murale
861 3153 1100 3236 magisterium!
1122 3152 1225 3216 adhuc
1247 3152 1284 3216 de
1327 3174 1334 3225 r

137 3261 303 3333 calumnia,
329 3280 422 3342 quam
448 3260 508 3324 sibi
533 3280 550 3323 a
573 3261 688 3343 loseph
713 3261 779 3323 lieri
804 3261 969 3342 putabant,
999 3260 1112 3323 fratres
1142 3258 1284 3341 suspecti

137 3372 233 3430 eraut.
262 3367 316 3429 ille
346 3367 505 3431 inuitabat
533 3366 571 3429 ad
599 3367 783 3447 prandium:
814 3367 926 3430 hurum
961 3366 1094 3429 irritabat
1127 3365 1281 3444 adfectus,

136 3473 222 3537 illius
252 3476 433 3555 pmsenerat
462 3474 572 3555 gratia.
603 3474 724 3554 primus
753 3473 901 3555 adpellat,
934 3473 1055 3554 priums
1090 3473 1282 3557 interrogat:
1302 3499 1327 3537 a

70 3586 112 3649 54
138 3579 332 3661 qrrnmodn
367 3578 555 3642 habetis?
594 3582 625 3642 ct
661 3579 777 3642 iterum
816 3579 879 3642 ait:
918 3584 1027 3641 recte
1067 3583 1130 3641 est
1168 3584 1283 3660 pater

225 3807 240 3857 2
262 3806 328 3859 Gen.
348 3806 391 3866 43,
412 3805 445 3857 ‘22'
497 3806 593 3857 aileu.
613 3805 656 3859 -13,
677 3806 710 3856 '24
764 3805 792 3856 ll
815 3804 912 3856 l’ealur.
933 3803 1043 3856 xxxvl
1065 3807 1080 3857 [i
1101 3821 1149 3872 sq..
1170 3803 1202 3858 cs.
1219 3807 1281 3875 Sap.

135 3895 197 3957 ε’),θ
263 3896 294 3947 14
314 3892 380 3948 tsslerr.
404 3894 476 3953 lebl
550 3894 785 3951 reiteratam
856 3892 1092 3953 1111111111)
1161 3894 1195 3946 10
1216 3893 1282 3947 Gen.

134 3985 177 4047 43,
198 3983 229 4035 31
251 4000 289 4052 sq.
353 3984 387 4036 26
408 3983 473 4035 den.
493 3983 535 4043 43,
557 3984 591 4033 ab

170 4106 302 4160 ‘lsaeeuli
312 4106 341 4159 N
377 4109 393 4155 fr
409 4105 551 4174 probatum
567 4103 591 4155 T
626 4103 807 4155 baumerutur
817 4103 853 4154 N‘
870 4103 1022 4170 (dispendio
1033 4112 1190 4157 numeratur
1199 4107 1280 4161 *21⁴¹Ia'r

136 4195 322 4248 dinumeratur
339 4193 374 4247 P‘
412 4195 426 4244 'i
448 4193 641 4246 detrimentum
661 4191 687 4242 B
708 4190 750 4260 (ue
771 4208 803 4244 ex
822 4190 847 4242 di
852 4204 860 4253 )
918 4192 1020 4243 lucrum
1035 4191 1062 4241 B
1079 4204 1109 4255 (a.
1126 4208 1142 4242 u
1153 4208 1198 4259 pr.
1213 4198 1281 4255 rere)

135 4283 323 4352 *adquiritur
341 4283 368 4334 B
389 4284 420 4347 (ri
441 4299 473 4333 cn
491 4286 530 4344 re)
627 4282 657 4332 10
677 4279 816 4332 meridiem
835 4280 862 4331 P
879 4291 916 4337 rjm
935 4296 954 4333 a.
982 4294 1019 4331 rar
1039 4279 1071 4331 N
1096 4279 1209 4332 meridie
1233 4285 1280 4332 eet.

137 4373 166 4424 11
188 4371 444 4424 uiderelurueuN⁴
512 4370 543 4422 12
564 4370 738 4432 ‚uiamPrs
759 4374 838 4422 eruar
911 4371 942 4420 la
963 4368 1053 4420 educit
1073 4368 1104 4419 N
1173 4370 1205 4421 14
1224 4386 1280 4420 ure·

134 4459 202 4511 ridie
222 4458 280 4511 Bl'
333 4470 360 4511 ct
379 4462 440 4527 its.
462 4466 500 4521 τι.)
521 4459 547 4509 B
603 4458 683 4509 alnae
703 4458 729 4509 B
749 4456 864 4509 alualrae
885 4464 930 4510 ecl.
987 4457 1079 4508 umbre
1100 4457 1124 4508 P
1172 4457 1205 4510 lu
1224 4472 1279 4509 me·

134 4548 216 4601 ridies
235 4549 255 4600 ri
275 4550 323 4600 alt.
343 4566 363 4600 s.
383 4562 421 4607 a.)
443 4554 484 4599 est
505 4550 536 4601 is.
558 4564 581 4598 u.
603 4550 658 4611 1112)
679 4546 706 4598 P
777 4547 803 4598 in
824 4562 893 4598 erus.
913 4547 945 4599 P.
966 4562 1016 4598 oua
1040 4545 1094 4597 nr
1163 4546 1196 4598 20
1216 4545 1280 4598 bac·

135 4635 208 4687 braei
227 4636 254 4687 P
272 4635 361 4687 ebraei
381 4635 414 4688 *21¹
