2804 5168
314 306 354 358 De
374 304 538 358 Patriarcbis
560 306 583 357 1.
603 306 628 365 2,
649 306 717 360 3-7
757 306 781 373 (Ι
800 308 852 361 514
871 307 984 362 Α-515
1005 307 1044 375 C).
1191 313 1252 375 127

110 522 166 566 me
191 501 289 565 deus
314 502 351 564 iu
376 504 486 564 terra
506 501 761 566 humilitatis
783 521 898 565 mene.
919 503 1003 585 quod
1023 507 1073 567 est
1091 503 1253 586 proprium

110 609 219 693 populi
243 608 386 681 iunioris,
411 608 464 689 qui
486 627 599 690 corpus
620 614 670 672 est
689 607 808 672 Christi
828 629 946 693 augens
966 615 1086 692 patrem
1108 614 1139 673 et
1159 610 1253 675 deum

36 750 39 763 ›
110 716 270 798 proprium
300 735 360 780 uon
389 716 578 797 relinquens.
608 715 742 796 denique
771 716 956 797 spiritaliter
980 717 1017 781 de
1040 718 1169 799 populis
1194 718 1253 781 boc

110 843 180 886 esse
203 823 391 905 mysterium
416 823 520 887 senior
543 822 726 886 decimauit.
747 842 817 886 uam
838 842 909 887 eum
929 824 1014 887 tilius
1035 844 1108 887 eurn
1127 828 1254 906 putaret

78 948 230 993 sennsse
263 929 343 993 uitio
377 929 549 992 hebetioris
584 933 743 1011 aspectus,
782 916 962 994 conuertere
999 931 1104 994 uoluit
1140 916 1253 996 manus

109 1036 178 1100 eius
203 1035 328 1099 dicens:
354 1056 426 1100 non
452 1036 507 1098 sic
532 1042 666 1118 pater;
691 1036 755 1099 bic
781 1036 883 1099 eninr
908 1037 1149 1117 primitiuus
1179 1042 1250 1101 est.
1280 1042 1304 1095 D

108 1143 253 1224 inpone
279 1143 484 1206 dexteram
508 1145 615 1205 tuam
641 1162 762 1224 supra
786 1147 908 1225 caput
927 1144 1027 1208 eius.
1048 1149 1086 1207 et
1106 1146 1251 1217 noluit,

110 1250 176 1313 sed
206 1249 327 1313 dixit:
358 1250 454 1324 scio,
483 1249 562 1326 fili,
594 1249 689 1313 scio.
719 1253 757 1312 et
786 1249 849 1313 hic
879 1249 958 1314 erit
987 1251 1023 1314 in
1047 1253 1250 1333 populum.

109 1361 148 1422 et
180 1357 244 1420 hic
278 1356 542 1432 exaltabitur,
578 1356 647 1420 sed
679 1356 808 1419 frater
841 1356 929 1419 eius
962 1357 1100 1421 iunior
1127 1359 1252 1423 maior

65 1484 90 1522 ro
109 1463 183 1527 illo
214 1463 302 1543 erit,
333 1466 372 1527 et
395 1482 526 1526 semen
551 1462 673 1526 iilius
699 1463 780 1526 erit
803 1462 1029 1527 multitudo
1054 1464 1250 1547 gentium.

109 1570 243 1652 denique
267 1570 503 1651 praeferendum
528 1569 685 1651 Ephraem
706 1569 821 1632 seniori
841 1588 990 1652 germano
1012 1570 1106 1633 etiarn
1126 1570 1252 1634 benedi-

109 1677 223 1742 ctionis
253 1677 332 1740 serie
362 1676 567 1758 propbetauit
600 1675 724 1739 diceus:
758 1677 796 1739 in
831 1677 948 1740 uobis
982 1676 1253 1741 benedicetur

107 1783 290 1848 Istrahel
337 1783 594 1846 dicentibus:
641 1783 770 1847 faciat
821 1783 939 1846 uobis
991 1783 1089 1847 deus
1142 1785 1350 1853 sicutoltt

108 1890 301 1972 Ephraem
335 1894 373 1954 et
405 1890 600 1954 Manasse.
636 1893 668 1952 et
700 1889 770 1952 ideo
805 1908 877 1952 cum
911 1894 1018 1953 essent
1048 1895 1189 1972 nepotes,
1218 1892 1250 1954 in

69 1996 213 2060 ciocum
247 1997 384 2059 filiorum
419 2000 493 2059 suut
525 1996 678 2076 adoptati,
712 2000 749 2058 ut
781 2016 840 2060 nou
876 2002 983 2059 esseut
1015 1998 1120 2061 auitae
1158 1998 1251 2061 bene-

109 2103 257 2167 dictionis
282 2107 434 2184 expertes.

36 2215 47 2276 t
151 2211 220 2273 Hac
252 2210 472 2274 benedictione
507 2209 665 2273 celebrata
697 2209 826 2273 uocauit
860 2209 953 2272 etiarn
988 2208 1069 2273 filios
1104 2229 1189 2274 suos.
1219 2216 1250 2274 et
1281 2217 1303 2269 Β

108 2317 160 2399 qui
186 2320 258 2380 ante
286 2317 441 2380 iuniorem
471 2316 588 2379 seniori
615 2317 809 2398 praetulerat
837 2315 942 2397 coepit
969 2335 987 2378 a
1014 2316 1125 2397 primo,
1154 2322 1191 2380 ut
1218 2317 1249 2380 in

105 2424 160 2489 illo
176 2424 318 2507 mysterii
335 2424 506 2506 praeferret
520 2423 664 2506 gratiam,
681 2423 710 2486 in
730 2424 789 2487 boc
806 2423 944 2486 ordinem
966 2425 1107 2486 seruaret
1125 2424 1249 2489 aetatis

65 2549 87 2588 eo
106 2531 201 2595 simul
231 2531 304 2613 quia
333 2537 404 2594 aute
434 2531 465 2594 in
495 2530 619 2595 duobus
648 2530 850 2595 benedixerat
878 2530 1043 2596 uniuersos
1068 2549 1139 2594 cum
1165 2532 1250 2595 omni

104 2638 289 2720 posteritate
319 2642 350 2701 et
373 2637 523 2721 progenie
547 2638 736 2713 futurorum,
762 2656 800 2701 ne
824 2639 880 2700 aut
904 2637 1064 2719 superflua
1087 2637 1249 2701 uideretur

104 2743 204 2825 plebis
228 2744 341 2806 iterata
366 2743 543 2808 benedictio
568 2746 624 2807 aut
647 2743 731 2826 prior
754 2743 976 2807 aestimaretur
998 2742 1129 2808 infirma.
1154 2744 1246 2807 meri-

104 2851 199 2930 toque
214 2850 382 2931 repetitam
398 2851 500 2931 magis
516 2849 787 2913 adnuntiationem
803 2869 910 2914 eorum
928 2869 1007 2931 quae
1018 2850 1244 2932 posterioribus
1277 2865 1297 2920 c

105 2960 210 3019 essent
238 2962 391 3019 euentura
418 2956 615 3040 temporibus
645 2976 738 3038 qrranr
767 2956 1021 3021 benedictionem
1049 2956 1188 3020 conferre
1212 2977 1246 3022 se

36 3055 190 3126 institit.
221 3062 354 3144 denique
384 3064 430 3126 sic
459 3063 581 3144 coepit:
610 3064 749 3128 Ruben
776 3064 1018 3146 primitiuus
1048 3084 1171 3139 meus,
1205 3068 1247 3128 tu

192 3268 289 3323 chn.
304 3271 348 3328 48.
365 3272 397 3324 18
412 3290 451 3339 sq.
491 3273 522 3325 12
539 3272 605 3324 Gen.
621 3274 663 3334 48,
679 3273 713 3325 20
752 3272 955 3329 17Geu,49.1
996 3272 1246 3340 atttendaasq.

141 3394 152 3445 l
173 3395 308 3463 proprium
328 3400 369 3448 cst
382 3395 440 3450 NI)
477 3398 492 3449 3
513 3396 629 3465 denique
650 3400 678 3460 ct-
695 3394 768 3461 iilips
788 3397 897 3460 sr‚1‹‚›sP
936 3399 953 3450 4
973 3403 1082 3466 putaret
1102 3414 1160 3449 curn
1178 3398 1250 3452 ΒἜ

104 3484 119 3534 5
137 3482 284 3535 hebetioris
305 3485 339 3548 (is
359 3502 391 3537 ec
411 3488 449 3547 cs)
470 3486 527 3537 BE
543 3485 708 3538 hachet-ioris
728 3486 772 3549 (be
792 3503 824 3537 ee
844 3486 880 3541 bii
901 3486 928 3538 P
982 3488 996 3538 7
1017 3503 1096 3555 supra
1116 3486 1233 3538 BPW
1241 3486 1248 3511 ¹

103 3587 182 3640 super
200 3578 247 3625 cet.
305 3572 351 3624 sed
371 3574 459 3625 uoluit
477 3574 509 3628 ‘tt‘
530 3573 588 3637 (sed
608 3578 678 3642 erp.)
698 3574 771 3630 ΒἜ
805 3574 821 3627 8
841 3579 883 3627 set·
901 3575 924 3626 Τ
942 3575 981 3643 iet
999 3576 1030 3626 in
1049 3579 1116 3639 ras.)
1137 3579 1164 3627 et
1178 3576 1250 3630 ΒἜ

105 3660 136 3712 10
155 3660 198 3712 ill.
214 3662 239 3712 P
256 3661 281 3730 (e
301 3679 379 3724 erus,
401 3678 415 3714 o
434 3680 455 3715 s.
477 3667 543 3727 rua)
618 3664 691 3716 iliius
711 3665 741 3715 iu
760 3680 815 3717 rus.
836 3664 861 3716 Τ
911 3666 942 3717 12
963 3664 1030 3716 scri«.¹
1045 3709 1050 3718 .
1067 3704 1072 3714 .
1090 3705 1095 3715 .
1114 3665 1145 3716 16
1164 3664 1246 3716 bene-

104 3747 229 3802 dictionis
248 3750 328 3817 ins'ra
346 3752 376 3802 iu
397 3768 445 3820 nep.
460 3752 487 3803 P
558 3752 708 3821 profetauit
722 3753 749 3805 Β
768 3753 791 3813 (f
808 3754 838 3804 in
858 3754 961 3806 talibus
979 3759 1091 3820 tdtrlpet’)
1164 3751 1246 3804 berue-

103 3835 207 3890 dicetur
227 3842 252 3895 (e
271 3844 330 3891 tert.
351 3857 383 3892 ex
402 3842 420 3899 i)
441 3841 468 3892 Β
568 3842 598 3893 13
627 3858 675 3894 uos
694 3840 726 3893 N
733 3841 782 3893 VJ)
874 3844 906 3895 14
935 3858 1075 3894 rnarrasscn
1095 3840 1246 3893 BPPOT'

138 3929 344 3980 ets.re.mBB
392 3930 423 3981 19
443 3930 635 3999 praeferretB
656 3933 679 3987 ir
699 3931 747 3983 alt.
768 3946 788 3983 s.
808 3949 835 3983 u.
856 3933 913 3997 υι2)
967 3930 1002 3984 20
1022 3930 1163 3983 unitriom.
1183 3930 1246 3982 PT‘

103 4016 136 4068 22
155 4016 244 4083 priora
258 4016 284 4067 Β
304 4023 329 4069 et
348 4028 375 4077 (a
392 4022 472 4082 erue.)
488 4018 515 4070 P
569 4019 602 4070 23
622 4019 738 4086 repetita
757 4019 966 4071 PVPDOTP
1039 4017 1245 4070 adnuntiatione

101 4104 217 4157 BPOT‘
236 4106 406 4157 annuntiatio
426 4106 459 4156 P‘
551 4107 585 4158 24
605 4110 697 4172 esseut
716 4106 742 4157 B
762 4110 833 4159 esset
851 4106 957 4160 P¹P¹¹O
1057 4109 1170 4158 uentura
1189 4105 1249 4158 ΒΤ

137 4219 351 4273 benedictionem
372 4221 397 4272 B
417 4230 454 4286 (in
473 4236 493 4275 o.
513 4230 551 4288 u.)
624 4222 658 4275 25
678 4186 759 4274 rdbon
775 4222 802 4274 Β
820 4225 921 4291 (seqre)
993 4222 1189 4291 primogenitus
1207 4221 1246 4273 N‘
