2804 5168
126 655 168 719 58
607 651 806 705 Ambrosii

125 844 243 911 Christi
267 845 447 910 thensauris
471 846 607 931 Aegypti
631 846 804 929 pretiosius
829 845 1033 910 aestimatum
1058 849 1117 910 est.
1142 849 1174 910 et
1197 846 1269 910 ideo

123 952 252 1035 Moyses
275 952 396 1017 Pharao
416 953 499 1036 regis
519 953 624 1016 aulam
643 953 774 1035 reliquit
792 956 824 1016 et
842 952 916 1017 fidei
936 953 1034 1035 elegit
1053 951 1269 1033 obprobrium,

124 1059 175 1125 oui
200 1078 233 1123 se
258 1057 424 1140 obprobrio
447 1059 548 1122 maria
567 1058 761 1122 diuidebaut.
782 1058 850 1141 ipse
870 1077 945 1142 ergo
965 1057 1172 1140 Nephthalim
1191 1059 1269 1122 uitis

123 1170 228 1231 totum
255 1165 388 1229 remissa
414 1184 470 1246 per
497 1166 662 1242 mundum,
690 1169 728 1228 ut
755 1165 903 1229 omnibus
930 1165 1059 1247 populis
1092 1165 1271 1229 ubertatem

123 1273 232 1356 poculi
255 1271 407 1353 spiritalis
432 1271 621 1352 infunderet,
645 1271 713 1353 ipse
737 1273 787 1336 est
810 1271 992 1352 ampliatus,
1017 1271 1136 1336 babens
1156 1291 1269 1335 nemen
1303 1301 1316 1341 ⁵

124 1398 220 1462 super
234 1397 325 1442 omne
341 1397 466 1455 nomeu,
487 1378 542 1461 qui
562 1379 711 1461 quoniam
732 1397 765 1442 se
785 1397 840 1458 pro
862 1378 1009 1442 omnibus
1029 1379 1147 1443 obtulit
1164 1379 1271 1453 morti,

122 1484 194 1549 ideo
219 1486 309 1549 audit
332 1503 350 1547 a
373 1488 480 1566 patre:
506 1485 632 1549 adme
656 1486 877 1549 reuertere.
903 1485 1091 1567 loquebatur
1114 1485 1207 1549 Iacob
1238 1490 1271 1549 et
1317 1503 1339 1556 n

124 1591 201 1658 deus
239 1591 435 1656 audiebatur.
478 1592 531 1655 ille
573 1591 782 1655 benedicebat
823 1593 855 1654 et
897 1590 1042 1656 dominus
1081 1592 1272 1674 personabat

123 1699 231 1763 dicens
242 1698 322 1763 filio:
339 1699 384 1762 ad
399 1718 454 1762 me
469 1703 687 1776 reuertere,
698 1699 759 1763 hoo
770 1703 820 1763 est
828 1698 1091 1781 postpassiouem
1103 1704 1270 1765 reuertere.

122 1808 281 1870 reuertere
306 1806 345 1870 ad
369 1805 475 1870 sedem
500 1808 598 1884 tuam,
623 1808 779 1870 reuertere
804 1825 876 1869 eum
895 1810 1035 1887 tropaeo,
1054 1809 1212 1869 reuertere
1231 1804 1272 1869 ad
1291 1837 1317 1875 ιο

122 1931 184 1990 me,
218 1918 255 1976 ut
287 1916 319 1976 te
351 1918 569 1996 resurgentem
598 1912 738 1977 defuncti
768 1916 943 1994 sequantur
970 1917 1002 1976 et
1028 1916 1085 1976 tua
1112 1914 1271 1994 potestate

122 2019 239 2102 pariter
276 2022 371 2101 atque
408 2018 550 2100 exemplo
588 2022 766 2102 resurgant,
805 2023 841 2083 ut
878 2019 935 2083 fiae
967 2018 1199 2102 primogenitus
1233 2036 1271 2082 er

125 2125 270 2204 mortuis,
300 2128 337 2189 ut
365 2126 403 2190 ad
433 2125 592 2190 dexteram
621 2125 732 2190 sedeas
760 2126 871 2208 patris.
900 2125 982 2191 uude
1007 2128 1040 2189 et
1062 2125 1148 2189 filius
1173 2123 1269 2188 dixit:

124 2232 261 2298 amodo
286 2232 492 2297 uidebitis
515 2231 654 2297 fillum
677 2232 852 2298 hominis
877 2232 1086 2297 sedentem
1110 2231 1155 2295 ad
1185 2231 1269 2294 der-

70 2336 248 2404 4211111111
277 2339 463 2404 uirtutis.
491 2343 587 2423 neget
614 2340 685 2421 quis
715 2340 844 2404 beatum
872 2340 966 2405 laoob
995 2339 1028 2402 in
1056 2339 1126 2420 ipso
1155 2338 1316 2406 mortisia

123 2465 281 2528 supremo,
306 2446 361 2528 qui
385 2445 492 2510 diuina
514 2445 667 2510 fundebat
691 2446 844 2511 oracula?
873 2448 969 2529 neget
996 2445 1124 2509 beatum
1153 2445 1269 2528 loseph
1316 2465 1365 2517 474

121 2552 153 2616 in
182 2571 314 2629 caruere,
343 2553 400 2617 ubi
429 2552 602 2634 sapientiae
630 2553 743 2635 spiritu
777 2552 1042 2634 interpretabatur
1075 2552 1270 2616 somniorum

122 2678 202 2740 quae
222 2660 365 2723 audierat
384 2660 550 2723 ueritatem
571 2663 602 2748 et
621 2660 798 2723 futurorum
824 2659 937 2725 seriem
961 2658 1150 2722 reuelabat‘?
1175 2663 1271 2742 neget

120 2765 249 2830 beatum
287 2765 423 2834 Esaiam.
463 2785 534 2830 oum
573 2766 697 2829 medius
735 2769 905 2841 secaretur,
948 2764 1152 2842 Hieremiam,
1195 2785 1267 2830 cum

121 2873 326 2954 mergeretur,
354 2871 489 2935 Danihel
518 2875 674 2948 sanetum,
703 2890 776 2935 oum
805 2871 887 2935 inter
914 2871 1021 2934 leones
1052 2874 1152 2934 staret
1174 2871 1269 2935 intre·
1287 2902 1314 2942 20

121 2976 215 3060 pidus
244 2981 276 3041 et
303 2976 469 3060 prandium
499 2977 527 3041 ei
559 2981 669 3060 raptus
703 2977 740 3040 ab
775 2979 887 3059 angelo
920 2977 1075 3059 propheta
1108 2976 1268 3042 deferret?

121 3102 182 3148 non
215 3084 326 3165 utique
357 3084 429 3148 ideo
463 3084 585 3158 beatus,
620 3085 693 3166 quia
726 3084 864 3147 alienum
892 3082 1064 3165 prandebat
1091 3083 1268 3164 prandium,

122 3191 178 3255 sed
211 3191 284 3272 quia
315 3191 437 3255 meritis
471 3191 538 3255 11111
571 3192 697 3272 inpasta
729 3191 858 3254 leonum
891 3208 945 3254 ora
982 3189 1159 3253 claudebat.
1196 3191 1268 3272 quis

122 3299 228 3362 autem
248 3317 308 3361 non
328 3298 453 3361 beatam
473 3298 586 3361 dixerit
605 3299 737 3360 matrem
753 3296 1028 3372 Maohabaeorum,
1050 3315 1129 3378 quae
1145 3300 1268 3378 septem
1313 3309 1335 3362 B

122 3405 259 3468 tiliorum
292 3404 455 3468 funeribus
489 3409 636 3468 octauam
669 3422 702 3466 se
736 3403 859 3466 addidit
891 3403 930 3466 ad
962 3402 1089 3465 laudem
1118 3402 1266 3466 caelestis
1286 3437 1312 3474 25

121 3509 300 3592 triumphi?

211 3769 374 3829 aurona.
397 3772 428 3822 15
498 3769 733 3838 5Philipp.2,9
804 3769 953 3822 1411111111.
975 3770 1071 3833 ‘dibiad
1146 3768 1265 3822 1611111.

122 3860 280 3928 4131111.
365 3859 397 3910 19
417 3858 497 3910 Hebr.
520 3860 561 3920 ll,
581 3859 614 3909 37
700 3860 735 3911 20
754 3858 823 3910 Dan.
844 3859 867 3917 6,
890 3859 922 3910 18
1000 3859 1031 3909 21
1055 3858 1265 3910 uet.Test.ed.

122 3948 301 4002 Tischendori
318 3952 347 4001 et
365 3947 461 4001 Nestle
481 3947 522 3999 ed.
543 3946 595 3999 vll
616 3948 668 3999 uol.
688 3946 715 3999 Il
736 3964 760 4015 p.
781 3949 833 4000 615
854 3947 934 4006 [Dan.
958 3947 1010 4012 14),
1030 3949 1063 3999 35
1083 3964 1123 4014 sq.

160 4119 171 4170 1
193 4117 347 4170 thensauris
365 4117 389 4171 11
408 4116 543 4167 thesauris
562 4116 596 4171 11
616 4115 649 4178 (11
670 4132 702 4168 ex
721 4122 776 4180 um)
797 4121 844 4168 eet.
944 4115 1019 4183 egyti
1038 4116 1065 4166 A
1084 4080 1265 4183 (1811111112)

122 4206 230 4259 isarae
250 4205 329 4261 11111
348 4204 493 4274 pharaonis
513 4204 572 4257 ΒΤ
636 4205 652 4258 3
672 4205 747 4257 cuius
768 4205 895 4256 ,1111211
915 4207 957 4267 (us
977 4204 1041 4270 del.)
1066 4204 1090 4255 T
1161 4202 1266 4256 diuide-

121 4295 188 4347 bant
207 4295 234 4347 P
252 4294 270 4358 (i
289 4309 331 4361 pr.
350 4294 382 4345 ire
400 4298 467 4356 ras.)
488 4298 513 4344 et
533 4293 552 4354 (i
567 4309 612 4359 pr.
633 4309 665 4346 ao
685 4312 698 4345 e
717 4297 775 4358 aad)
795 4294 818 4348 11
913 4292 1064 4360 nepthalim
1083 4291 1116 4348 u‘
1135 4292 1267 4361 neptalim

123 4390 169 4436 cet.
234 4381 422 4451 ooptulitur‘
487 4368 575 4434 adm
593 4383 702 4438 altha*
723 4383 754 4435 ds
773 4382 872 4436 urar
936 4383 967 4434 10
987 4385 1081 4451 tropeo
1100 4382 1128 4433 P
1146 4381 1213 4449 (111.
1234 4398 1268 4451 pe

122 4472 204 4533 erasi
223 4473 246 4527 ut
265 4471 295 4535 (h
313 4489 334 4524 s.
354 4488 370 4539 p
390 4474 447 4536 aad)
467 4471 580 4540 tropheo
600 4478 646 4524 cet.
718 4473 749 4524 17
771 4466 962 4540 11111ῳ11111ξ
982 4473 1008 4522 Α
1029 4463 1051 4533 (’
1067 4470 1132 4525 aad.
1151 4488 1185 4525 rra.
1206 4470 1268 4523 alia

122 4568 153 4614 ut
171 4561 291 4625 uidetur)
347 4561 381 4612 at
401 4560 508 4612 beatam
527 4560 555 4612 P
574 4564 626 4623 (am
647 4577 680 4612 ex
699 4574 753 4625 um)
827 4559 1033 4612 machabeorum
1055 4559 1120 4611 libri
