2804 5168
170 633 274 698 XXVI
633 627 851 682 Praefatio.

169 829 288 892 formae
321 825 548 908 quartanariao‚
581 823 729 888 foliorum
762 822 836 899 134,
870 821 989 886 saeculi
1021 819 1124 897 VHlI,
1137 818 1162 905 ¹)
1197 819 1229 885 in
1253 839 1314 904 quo

169 933 357 1013 Pbilastri2)
399 951 478 1013 opus
521 931 559 996 de
601 930 748 995 omnibus
786 928 970 995 haeresibus
1009 929 1030 993 f.
1069 928 1249 992 82¹-11P
1285 930 1317 993 at

172 1040 370 1105 1121-1331
394 1039 550 1121 opuscula
583 1037 620 1100 de
653 1034 767 1118 loseph
803 1039 835 1100 et
863 1035 901 1099 de
930 1034 1116 1118 patriarchis
1145 1034 1314 1117 excipiunt

170 1146 202 1209 bi
222 1145 345 1210 codices
360 1144 393 1208 id
408 1143 493 1225 quod
512 1142 739 1226 seripturarum
764 1159 919 1206 consensu
938 1139 1063 1204 abunde
1082 1140 1318 1205 demonstratur

171 1251 346 1334 propinqua
368 1251 450 1314 inter·
473 1268 507 1312 se
536 1247 721 1331 cognatione
749 1247 907 1313 coniuncti
932 1249 1016 1323 sunt,
1040 1244 1189 1310 differunt
1210 1248 1317 1309 temen

170 1377 206 1422 eo
246 1355 330 1439 quod
361 1353 507 1422 actum
545 1353 659 1417 artiore
697 1352 806 1418 conexi
836 1351 965 1416 uinculo
1003 1350 1131 1434 longius
1164 1369 1183 1413 a
1213 1351 1317 1434 priora

169 1463 291 1527 familia
314 1460 465 1526 recedunt
488 1479 583 1542 quarn
607 1459 645 1534 V,
671 1459 725 1541 qui
749 1459 825 1523 dum
849 1459 940 1540 quasi
965 1456 1099 1521 mediam
1123 1456 1209 1520 niam
1229 1458 1318 1521 tenet

170 1569 362 1653 singularem
394 1568 426 1631 in
459 1568 558 1631 altera
589 1565 711 1631 familia
743 1566 804 1630 sibi
836 1567 944 1630 locum
977 1564 1127 1629 uindicat.
1138 1561 1164 1640 8)
1194 1560 1316 1630 1111Ἵῦ

169 1679 286 1752 antem,
311 1692 390 1757 quos
414 1674 521 1739 littera
543 1671 583 1736 N‘
608 1671 868 1756 significantium,
892 1689 1002 1736 rursus
1026 1670 1225 1752 aliquantum
1249 1667 1315 1734 aT

169 1781 289 1846 distant
321 1800 355 1845 ex
388 1780 468 1845 libro
501 1778 624 1863 generis
657 1778 769 1860 prioris
803 1782 955 1844 correcto.
989 1780 1084 1859 atqua
1111 1774 1190 1844 tela
1218 1773 1316 1841 exau

170 1887 328 1952 deriuatos
354 1905 424 1950 esse
447 1887 510 1951 iam
535 1903 571 1949 eo
600 1903 661 1967 quo
694 1884 768 1950 illos
802 1884 954 1968 descripsi
985 1885 1055 1949 loco
1088 1880 1315 1947 demonstraui.

169 1992 231 2056 iam
265 1993 293 2058 si
326 1991 451 2057 codices
475 1990 572 2055 VN‘T
606 2009 677 2055 cunr
710 1990 800 2055 libris
829 1991 941 2073 prioris
968 1990 1107 2056 familiae
1132 1986 1315 2079 contuleris,

170 2103 287 2180 quanta
313 2097 513 2161 librariorum
541 2097 572 2159 in
603 2096 759 2180 scriptura
786 2096 982 2161 immutanda
1005 2095 1174 2160 temeritas·
1192 2096 1225 2159 et
1246 2112 1315 2178 per·

98 2200 102 2206 “
169 2205 305 2270 uersitaa
329 2203 426 2268 luerit
448 2203 614 2286 intelleges
634 2222 736 2286 neque
754 2203 829 2285 quin
849 2203 932 2267 ethi
952 2206 984 2268 et
1001 2202 1050 2267 illi
1069 2220 1105 2266 ex
1124 2219 1186 2265 nno
1206 2199 1316 2265 codice

168 2310 271 2376 medio
291 2329 368 2375 aeuo
387 2310 420 2374 in
439 2309 629 2375 monasterio
644 2309 781 2391 quodam
795 2310 944 2374 Franciae
963 2312 1089 2374 seruato
1103 2306 1317 2391 processerint

169 2417 294 2481 omnino
319 2416 491 2481 dubitabis.
516 2435 552 2481 ao
576 2416 778 2481 memorabile
799 2435 860 2498 quo
884 2416 961 2481 haee
984 2415 1089 2499 opinio
1113 2413 1317 2480 confirmatur

169 2527 391 2607 argumentum
415 2523 544 2605 praebet
566 2524 653 2587 locus
674 2523 727 2604 qni
750 2523 823 2600 137,
844 2525 882 2586 21
904 2522 1031 2608 legitur.
1055 2521 1100 2586 ibi
1123 2521 1208 2585 enim
1231 2521 1264 2585 in
1287 2521 1314 2585 B

168 2629 320 2693 traditum
344 2629 441 2694 habes
465 2630 500 2692 a'n
522 2628 675 2693 iorrloraue
697 2629 862 2705 (londonae
884 2648 981 2709 manu
1006 2628 1184 2711 antiquaria
1204 2647 1315 2695 rasura

168 2734 321 2815 scriptum
342 2738 404 2807 est;
432 2753 543 2799 manus
563 2734 657 2798 tertia
675 2734 706 2798 in
727 2735 868 2818 margine
888 2736 1003 2800 adiecit
1026 2736 1061 2798 ba
1079 2734 1200 2818 eufrate
1219 2739 1315 2819 atqua

168 2840 288 2922 cajiulc
321 2839 397 2902 olim
429 2839 461 2902 in
494 2840 520 2902 B
559 2840 701 2905 extitisse
739 2842 920 2906 etiamnunc
956 2841 1100 2924 reliquiis
1138 2841 1314 2924 scripturae

169 2945 315 3027 antiquae
349 2945 539 3031 edocemur),
564 2947 595 3010 in
620 2945 762 3011 PP‘P“O
795 2948 830 3010 in
853 2948 993 3023 iorrlouc,
1018 2948 1102 3013 idem
1127 2968 1152 3014 s.
1177 2968 1208 3013 u.
1232 2949 1265 3013 in
1289 2948 1313 3011 Τ

169 3056 201 3115 et
224 3070 317 3115 manu
343 3052 397 3118 alt.
422 3051 452 3115 in
477 3053 580 3135 spatio
604 3071 704 3118 naono
730 3054 760 3117 in
784 3054 823 3131 D,
849 3060 957 3119 contra
978 3056 1009 3119 in
1033 3055 1104 3119 N'V
1127 3055 1162 3118 in
1184 3054 1334 3138 eacsrnto„

167 3157 250 3221 unde
279 3157 310 3220 in
340 3158 506 3240 utriusque
533 3160 671 3224 familiae
696 3159 864 3244 archetypo
893 3161 1008 3225 uitium
1031 3162 1112 3225 illud
1139 3161 1311 3244 permirum

169 3264 269 3328 fnisse
294 3265 564 3350 comprobatur·.⁴)
591 3266 647 3329 sed
670 3285 730 3330 non
756 3267 871 3331 desunt
889 3268 961 3345 loci,
982 3269 1098 3348 quibus
1121 3268 1152 3331 in
1172 3268 1311 3334 familiae

214 3481 231 3541 ¹)
252 3481 332 3534 buius
352 3483 443 3550 potina
463 3499 541 3552 qnam
563 3482 659 3536 decimi
679 3484 779 3537 saeculi
799 3501 858 3538 eum
879 3501 937 3538 esse
956 3501 1026 3538 nnnc
1046 3485 1111 3538 mibi
1130 3486 1261 3556 persuasi.
1285 3488 1310 3539 in

165 3568 267 3622 tabulis
292 3568 369 3623 codd.
390 3571 448 3623 Lat.
469 3571 533 3623 bibl.
558 3571 616 3624 Pal.
640 3571 722 3625 Uind.
743 3573 754 3624 l
776 3574 824 3626 191
850 3573 919 3626 male
944 3574 1050 3627 saeculo
1069 3573 1122 3627 XII
1140 3574 1309 3629 adscribitur.

212 3657 231 3727 ²)
252 3658 290 3711 sie
315 3659 385 3711 eninr
410 3659 553 3728 legendnm
579 3667 628 3723 est,
647 3677 701 3714 non
720 3662 881 3724 Plu'landra',
902 3662 971 3731 quod
995 3663 1063 3716 miro
1088 3663 1204 3732 quodam
1225 3681 1311 3719 errore

167 3747 193 3799 in
213 3745 315 3800 tabulis
335 3748 465 3817 scriptum
485 3753 534 3801 est.

211 3833 231 3895 ³)
253 3852 415 3904 numnquam
434 3836 458 3889 V
477 3852 508 3889 ex
528 3837 619 3891 codice
638 3837 751 3891 libidine
770 3839 873 3892 librarii
893 3839 971 3893 foede
990 3841 1155 3911 interpolato
1180 3844 1310 3912 originem

167 3924 272 3976 duxisse
297 3928 420 3992 apertum
446 3929 495 3977 est.
525 3942 577 3995 qna
601 3926 633 3979 de
657 3944 685 3980 re
710 3927 828 3981 sufficiet
846 3928 1014 3983 emblematis
1034 3929 1105 3999 qnod
1125 3931 1168 3998 79,
1189 3932 1222 3986 18
1240 3932 1268 3985 in
1287 3932 1310 3984 V

164 4015 267 4084 legitur
285 4015 449 4069 mentionem
469 4016 576 4070 inicere.

212 4102 232 4167 ¹)
253 4103 282 4155 in
301 4103 408 4170 eufrate
427 4104 560 4174 quomodo
579 4109 657 4158 tuear
676 4123 728 4158 non
749 4107 834 4159 habeo
851 4125 937 4176 neque
953 4108 1099 4178 quidquam
1114 4110 1148 4162 ad
1162 4110 1232 4164 bauo
1246 4111 1309 4164 scri·

165 4198 271 4260 pteram
296 4189 491 4246 defendendam
515 4193 620 4246 confert
642 4195 755 4266 mystica
777 4195 857 4248 huius
876 4198 992 4250 nominis
1011 4199 1211 4268 interpretatio.
1231 4216 1308 4268 qnam

165 4279 279 4332 Philone
300 4283 408 4334 auctore
428 4281 609 4350 compluribus
628 4282 694 4336 locis
714 4284 871 4337 Ambrosius
890 4288 1117 4340 commemorauit.
1142 4286 1235 4341 eadem
1255 4289 1309 4343 fere

164 4383 207 4419 rea
232 4378 273 4420 cst
297 4369 324 4421 in
348 4368 407 4422 loco
429 4370 488 4432 128,
507 4372 532 4428 4.
553 4387 604 4439 quo
624 4372 652 4424 in
671 4372 777 4425 BN¹TV
796 4389 848 4441 qno
873 4376 1021 4427 ascondisti
1042 4374 1172 4430 traditum
1192 4376 1308 4439 estred

165 4456 192 4507 in
216 4458 338 4526 margine
364 4457 426 4510 libri
445 4458 468 4510 B
488 4475 567 4512 manu
588 4461 670 4514 tertia
689 4461 853 4530 adscriptum
873 4463 955 4516 luisse
974 4463 1083 4516 uidetur
1100 4466 1220 4532 quarrdo.
1241 4481 1309 4536 quae

164 4544 245 4597 lectio
266 4545 292 4598 in
312 4548 408 4599 ceteris
427 4547 572 4602 inuenitur.
