<?xml version="1.0" encoding="UTF-8"?>
<!DOCTYPE html PUBLIC "-//W3C//DTD XHTML 1.0 Transitional//EN"
    "http://www.w3.org/TR/xhtml1/DTD/xhtml1-transitional.dtd">
<html xmlns="http://www.w3.org/1999/xhtml" xml:lang="en" lang="en">
 <head>
  <title>
</title>
<meta http-equiv="Content-Type" content="text/html;charset=utf-8" />
  <meta name='ocr-system' content='tesseract 3.04.00' />
  <meta name='ocr-capabilities' content='ocr_page ocr_carea ocr_par ocr_line ocrx_word'/>
</head>
<body>
  <div class='ocr_page' id='page_1' title='image "./sanctiambrosiio04petsgoog/sanctiambrosiio04petsgoog_0016.png"; bbox 0 0 2804 5168; ppageno 0'>
   <div class='ocr_carea' id='block_1_1' title="bbox 615 346 1297 419">
    <p class='ocr_par' dir='ltr' id='par_1_1' title="bbox 615 346 1297 419">
     <span class='ocr_line' id='line_1_1' title="bbox 615 346 1297 419; baseline -0.009 -18"><span class='ocrx_word' id='word_1_1' title='bbox 615 346 831 401; x_wconf 82' lang='lat' dir='ltr'><strong>Praefatio.</strong></span> <span class='ocrx_word' id='word_1_2' title='bbox 1254 356 1297 419; x_wconf 73' lang='grc' dir='ltr'><strong>Π]</strong></span> 
     </span>
    </p>
   </div>
   <div class='ocr_carea' id='block_1_2' title="bbox 136 540 1301 4151">
    <p class='ocr_par' dir='ltr' id='par_1_2' title="bbox 136 540 1301 4151">
     <span class='ocr_line' id='line_1_2' title="bbox 148 540 1298 630; baseline 0.005 -24"><span class='ocrx_word' id='word_1_3' title='bbox 148 541 223 629; x_wconf 81' lang='lat' dir='ltr'><strong>rum</strong></span> <span class='ocrx_word' id='word_1_4' title='bbox 246 541 445 606; x_wconf 91' lang='lat' dir='ltr'><strong>luculentum</strong></span> <span class='ocrx_word' id='word_1_5' title='bbox 469 540 693 606; x_wconf 85' lang='lat' dir='ltr'><strong>documentum</strong></span> <span class='ocrx_word' id='word_1_6' title='bbox 718 543 855 626; x_wconf 88' lang='lat' dir='ltr'><strong>praebet.</strong></span> <span class='ocrx_word' id='word_1_7' title='bbox 880 548 988 608; x_wconf 87' lang='lat' dir='ltr'><strong>contra</strong></span> <span class='ocrx_word' id='word_1_8' title='bbox 1010 544 1041 609; x_wconf 94' lang='lat' dir='ltr'><strong>in</strong></span> <span class='ocrx_word' id='word_1_9' title='bbox 1067 549 1221 630; x_wconf 83' lang='lat' dir='ltr'><strong>opusc-ulo</strong></span> <span class='ocrx_word' id='word_1_10' title='bbox 1254 548 1298 612; x_wconf 90' lang='lat' dir='ltr'><strong>de</strong></span> 
     </span>
     <span class='ocr_line' id='line_1_3' title="bbox 148 647 1299 735; baseline 0.005 -21"><span class='ocrx_word' id='word_1_11' title='bbox 148 651 250 733; x_wconf 83' lang='lat' dir='ltr'><strong>suga</strong></span> <span class='ocrx_word' id='word_1_12' title='bbox 290 647 448 713; x_wconf 90' lang='lat' dir='ltr'><strong>saeculi</strong></span> <span class='ocrx_word' id='word_1_13' title='bbox 489 649 577 713; x_wconf 87' lang='lat' dir='ltr'><strong>nulla</strong></span> <span class='ocrx_word' id='word_1_14' title='bbox 617 649 772 714; x_wconf 91' lang='lat' dir='ltr'><strong>eiusmodi</strong></span> <span class='ocrx_word' id='word_1_15' title='bbox 812 651 950 734; x_wconf 84' lang='lat' dir='ltr'><strong>uestigia</strong></span> <span class='ocrx_word' id='word_1_16' title='bbox 986 654 1194 735; x_wconf 83' lang='lat' dir='ltr'><strong>reperiuntur,</strong></span> <span class='ocrx_word' id='word_1_17' title='bbox 1238 657 1299 720; x_wconf 88' lang='lat' dir='ltr'><strong>nisi</strong></span> 
     </span>
     <span class='ocr_line' id='line_1_4' title="bbox 149 755 1301 841; baseline 0.006 -21"><span class='ocrx_word' id='word_1_18' title='bbox 149 757 234 822; x_wconf 80' lang='lat' dir='ltr'><strong>torte</strong></span> <span class='ocrx_word' id='word_1_19' title='bbox 257 757 418 840; x_wconf 85' lang='lat' dir='ltr'>epilogum</span> <span class='ocrx_word' id='word_1_20' title='bbox 448 755 505 839; x_wconf 90' lang='lat' dir='ltr'><strong>(ss.</strong></span> <span class='ocrx_word' id='word_1_21' title='bbox 531 757 572 819; x_wconf 84' lang='lat'><strong>52</strong></span> <span class='ocrx_word' id='word_1_22' title='bbox 598 755 680 839; x_wconf 86' lang='lat' dir='ltr'><strong>sqq.)</strong></span> <span class='ocrx_word' id='word_1_23' title='bbox 702 757 747 820; x_wconf 87' lang='lat' dir='ltr'><strong>ita</strong></span> <span class='ocrx_word' id='word_1_24' title='bbox 776 760 991 839; x_wconf 88' lang='lat' dir='ltr'><strong>comparatum</strong></span> <span class='ocrx_word' id='word_1_25' title='bbox 1020 779 1090 824; x_wconf 89' lang='lat' dir='ltr'><strong>esse</strong></span> <span class='ocrx_word' id='word_1_26' title='bbox 1119 780 1239 841; x_wconf 84' lang='lat' dir='ltr'><strong>censes,</strong></span> <span class='ocrx_word' id='word_1_27' title='bbox 1263 770 1301 827; x_wconf 92' lang='lat' dir='ltr'><strong>ut</strong></span> 
     </span>
     <span class='ocr_line' id='line_1_5' title="bbox 149 863 1299 951; baseline 0.005 -23"><span class='ocrx_word' id='word_1_28' title='bbox 149 883 329 928; x_wconf 90' lang='lat' dir='ltr'><strong>sermonem</strong></span> <span class='ocrx_word' id='word_1_29' title='bbox 349 863 499 932; x_wconf 88' lang='lat' dir='ltr'><strong>redoleat.</strong></span> <span class='ocrx_word' id='word_1_30' title='bbox 524 864 579 928; x_wconf 89' lang='lat' dir='ltr'><strong>sed</strong></span> <span class='ocrx_word' id='word_1_31' title='bbox 603 863 631 926; x_wconf 89' lang='lat' dir='ltr'><strong>si</strong></span> <span class='ocrx_word' id='word_1_32' title='bbox 654 863 798 927; x_wconf 90' lang='lat' dir='ltr'><strong>libellum</strong></span> <span class='ocrx_word' id='word_1_33' title='bbox 819 864 958 929; x_wconf 90' lang='lat' dir='ltr'><strong>debono</strong></span> <span class='ocrx_word' id='word_1_34' title='bbox 978 867 1184 933; x_wconf 88' lang='lat' dir='ltr'><strong>mortishuic</strong></span> <span class='ocrx_word' id='word_1_35' title='bbox 1207 871 1299 951; x_wconf 88' lang='lat' dir='ltr'><strong>plane</strong></span> 
     </span>
     <span class='ocr_line' id='line_1_6' title="bbox 149 969 1296 1055; baseline 0.008 -23"><span class='ocrx_word' id='word_1_36' title='bbox 149 970 291 1034; x_wconf 86' lang='lat' dir='ltr'><strong>similem</strong></span> <span class='ocrx_word' id='word_1_37' title='bbox 324 969 507 1043; x_wconf 85' lang='lat' dir='ltr'><strong>contuleris,</strong></span> <span class='ocrx_word' id='word_1_38' title='bbox 536 988 629 1051; x_wconf 92' lang='lat' dir='ltr'><strong>quem</strong></span> <span class='ocrx_word' id='word_1_39' title='bbox 658 969 696 1032; x_wconf 90' lang='lat' dir='ltr'><strong>ad</strong></span> <span class='ocrx_word' id='word_1_40' title='bbox 725 988 886 1034; x_wconf 87' lang='lat' dir='ltr'><strong>semrones</strong></span> <span class='ocrx_word' id='word_1_41' title='bbox 914 971 1014 1034; x_wconf 91' lang='lat' dir='ltr'><strong>redire</strong></span> <span class='ocrx_word' id='word_1_42' title='bbox 1044 975 1111 1036; x_wconf 80' lang='lat' dir='ltr'><strong>arta</strong></span> <span class='ocrx_word' id='word_1_43' title='bbox 1140 994 1201 1055; x_wconf 91' lang='lat' dir='ltr'><strong>qua</strong></span> <span class='ocrx_word' id='word_1_44' title='bbox 1225 994 1296 1040; x_wconf 90' lang='lat' dir='ltr'><strong>cum</strong></span> 
     </span>
     <span class='ocr_line' id='line_1_7' title="bbox 146 1075 1297 1163; baseline 0.008 -25"><span class='ocrx_word' id='word_1_45' title='bbox 146 1076 232 1139; x_wconf 89' lang='lat' dir='ltr'><strong>libro</strong></span> <span class='ocrx_word' id='word_1_46' title='bbox 265 1075 303 1140; x_wconf 89' lang='lat' dir='ltr'><strong>de</strong></span> <span class='ocrx_word' id='word_1_47' title='bbox 330 1077 420 1140; x_wconf 85' lang='lat' dir='ltr'><strong>Isaac</strong></span> <span class='ocrx_word' id='word_1_48' title='bbox 452 1075 640 1140; x_wconf 87' lang='lat' dir='ltr'><strong>coniunctus</strong></span> <span class='ocrx_word' id='word_1_49' title='bbox 668 1078 719 1139; x_wconf 89' lang='lat' dir='ltr'><strong>est</strong></span> <span class='ocrx_word' id='word_1_50' title='bbox 744 1075 977 1141; x_wconf 80' lang='lat' dir='ltr'><strong>necessitudine</strong></span> <span class='ocrx_word' id='word_1_51' title='bbox 1006 1078 1183 1158; x_wconf 84' lang='lat' dir='ltr'><strong>edocemur,</strong></span> <span class='ocrx_word' id='word_1_52' title='bbox 1218 1101 1297 1163; x_wconf 87' lang='lat' dir='ltr'><strong>quae</strong></span> 
     </span>
     <span class='ocr_line' id='line_1_8' title="bbox 147 1182 1295 1265; baseline 0.007 -19"><span class='ocrx_word' id='word_1_53' title='bbox 147 1183 247 1246; x_wconf 87' lang='lat' dir='ltr'><strong>buius</strong></span> <span class='ocrx_word' id='word_1_54' title='bbox 281 1184 428 1264; x_wconf 86' lang='lat' dir='ltr'><strong>opusculi</strong></span> <span class='ocrx_word' id='word_1_55' title='bbox 461 1182 637 1265; x_wconf 83' lang='lat' dir='ltr'><strong>antiquitus</strong></span> <span class='ocrx_word' id='word_1_56' title='bbox 665 1183 766 1246; x_wconf 86' lang='lat' dir='ltr'><strong>forma</strong></span> <span class='ocrx_word' id='word_1_57' title='bbox 793 1183 889 1246; x_wconf 87' lang='lat' dir='ltr'><strong>suerit</strong></span> <span class='ocrx_word' id='word_1_58' title='bbox 917 1187 1002 1248; x_wconf 89' lang='lat' dir='ltr'><strong>certe</strong></span> <span class='ocrx_word' id='word_1_59' title='bbox 1031 1205 1090 1250; x_wconf 94' lang='lat' dir='ltr'><strong>non</strong></span> <span class='ocrx_word' id='word_1_60' title='bbox 1125 1186 1295 1255; x_wconf 78' lang='lat' dir='ltr'><strong>dubitabis.</strong></span> 
     </span>
     <span class='ocr_line' id='line_1_9' title="bbox 148 1289 1298 1374; baseline 0.004 -21"><span class='ocrx_word' id='word_1_61' title='bbox 148 1289 237 1372; x_wconf 90' lang='lat' dir='ltr'><strong>qnod</strong></span> <span class='ocrx_word' id='word_1_62' title='bbox 259 1290 398 1371; x_wconf 81' lang='lat' dir='ltr'><strong>proxime</strong></span> <span class='ocrx_word' id='word_1_63' title='bbox 422 1291 568 1372; x_wconf 87' lang='lat' dir='ltr'><strong>sequitur</strong></span> <span class='ocrx_word' id='word_1_64' title='bbox 592 1309 682 1372; x_wconf 91' lang='lat' dir='ltr'><strong>opus,</strong></span> <span class='ocrx_word' id='word_1_65' title='bbox 707 1290 733 1353; x_wconf 90' lang='lat' dir='ltr'><strong>si</strong></span> <span class='ocrx_word' id='word_1_66' title='bbox 758 1289 912 1354; x_wconf 83' lang='lat' dir='ltr'><strong>editiones</strong></span> <span class='ocrx_word' id='word_1_67' title='bbox 936 1291 1077 1373; x_wconf 88' lang='lat' dir='ltr'><strong>inspicis,</strong></span> <span class='ocrx_word' id='word_1_68' title='bbox 1097 1293 1127 1356; x_wconf 95' lang='lat' dir='ltr'><strong>in</strong></span> <span class='ocrx_word' id='word_1_69' title='bbox 1148 1299 1298 1374; x_wconf 85' lang='lat' dir='ltr'><strong>quattuor</strong></span> 
     </span>
     <span class='ocr_line' id='line_1_10' title="bbox 147 1396 1295 1483; baseline 0.006 -23"><span class='ocrx_word' id='word_1_70' title='bbox 147 1398 249 1461; x_wconf 90' lang='lat' dir='ltr'><strong>libros</strong></span> <span class='ocrx_word' id='word_1_71' title='bbox 274 1396 414 1460; x_wconf 88' lang='lat' dir='ltr'><strong>diuisum</strong></span> <span class='ocrx_word' id='word_1_72' title='bbox 437 1396 536 1461; x_wconf 85' lang='lat' dir='ltr'><strong>habes</strong></span> <span class='ocrx_word' id='word_1_73' title='bbox 560 1416 677 1478; x_wconf 89' lang='lat' dir='ltr'><strong>eosque</strong></span> <span class='ocrx_word' id='word_1_74' title='bbox 702 1398 861 1461; x_wconf 85' lang='lat' dir='ltr'><strong>communi</strong></span> <span class='ocrx_word' id='word_1_75' title='bbox 889 1399 984 1463; x_wconf 87' lang='lat' dir='ltr'><strong>titulo</strong></span> <span class='ocrx_word' id='word_1_76' title='bbox 1017 1400 1072 1464; x_wconf 86' lang='lat' dir='ltr'><strong>‘de</strong></span> <span class='ocrx_word' id='word_1_77' title='bbox 1105 1401 1295 1483; x_wconf 86' lang='lat' dir='ltr'><strong>interpel-</strong></span> 
     </span>
     <span class='ocr_line' id='line_1_11' title="bbox 148 1503 1294 1589; baseline 0.004 -21"><span class='ocrx_word' id='word_1_78' title='bbox 148 1504 307 1568; x_wconf 82' lang='lat' dir='ltr'><strong>latione</strong></span> <span class='ocrx_word' id='word_1_79' title='bbox 339 1504 407 1567; x_wconf 94' lang='lat' dir='ltr'><strong>Iob</strong></span> <span class='ocrx_word' id='word_1_80' title='bbox 442 1506 480 1567; x_wconf 89' lang='lat' dir='ltr'><strong>et</strong></span> <span class='ocrx_word' id='word_1_81' title='bbox 507 1503 648 1568; x_wconf 83' lang='lat' dir='ltr'><strong>Dauid&#39;</strong></span> <span class='ocrx_word' id='word_1_82' title='bbox 676 1503 858 1568; x_wconf 86' lang='lat' dir='ltr'><strong>instructos</strong></span> <span class='ocrx_word' id='word_1_83' title='bbox 890 1506 945 1570; x_wconf 93' lang='lat' dir='ltr'><strong>sed</strong></span> <span class='ocrx_word' id='word_1_84' title='bbox 969 1507 1062 1589; x_wconf 84' lang='lat' dir='ltr'><strong>longe</strong></span> <span class='ocrx_word' id='word_1_85' title='bbox 1087 1508 1148 1570; x_wconf 83' lang='lat' dir='ltr'><strong>alia</strong></span> <span class='ocrx_word' id='word_1_86' title='bbox 1172 1511 1222 1572; x_wconf 90' lang='lat' dir='ltr'><strong>est</strong></span> <span class='ocrx_word' id='word_1_87' title='bbox 1244 1528 1294 1573; x_wconf 89' lang='lat' dir='ltr'><strong>res</strong></span> 
     </span>
     <span class='ocr_line' id='line_1_12' title="bbox 147 1610 1296 1698; baseline 0.005 -24"><span class='ocrx_word' id='word_1_88' title='bbox 147 1612 181 1674; x_wconf 93' lang='lat' dir='ltr'><strong>in</strong></span> <span class='ocrx_word' id='word_1_89' title='bbox 225 1610 399 1675; x_wconf 87' lang='lat' dir='ltr'><strong>codicibus.</strong></span> <span class='ocrx_word' id='word_1_90' title='bbox 442 1610 558 1674; x_wconf 83' lang='lat' dir='ltr'><strong>etenim</strong></span> <span class='ocrx_word' id='word_1_91' title='bbox 596 1614 747 1692; x_wconf 85' lang='lat' dir='ltr'><strong>quattuor</strong></span> <span class='ocrx_word' id='word_1_92' title='bbox 782 1611 813 1675; x_wconf 91' lang='lat' dir='ltr'><strong>in</strong></span> <span class='ocrx_word' id='word_1_93' title='bbox 851 1612 896 1675; x_wconf 87' lang='lat' dir='ltr'><strong>eis</strong></span> <span class='ocrx_word' id='word_1_94' title='bbox 939 1613 1021 1676; x_wconf 86' lang='lat' dir='ltr'><strong>inter</strong></span> <span class='ocrx_word' id='word_1_95' title='bbox 1062 1633 1095 1678; x_wconf 89' lang='lat' dir='ltr'><strong>se</strong></span> <span class='ocrx_word' id='word_1_96' title='bbox 1138 1615 1296 1698; x_wconf 83' lang='lat' dir='ltr'><strong>excipiunt</strong></span> 
     </span>
     <span class='ocr_line' id='line_1_13' title="bbox 146 1716 1295 1804; baseline 0.005 -22"><span class='ocrx_word' id='word_1_97' title='bbox 146 1720 306 1782; x_wconf 88' lang='lat' dir='ltr'><strong>orationes</strong></span> <span class='ocrx_word' id='word_1_98' title='bbox 330 1737 431 1799; x_wconf 89' lang='lat' dir='ltr'><strong>neque</strong></span> <span class='ocrx_word' id='word_1_99' title='bbox 455 1716 593 1781; x_wconf 91' lang='lat' dir='ltr'><strong>numeris</strong></span> <span class='ocrx_word' id='word_1_100' title='bbox 617 1716 813 1801; x_wconf 86' lang='lat' dir='ltr'><strong>significatae</strong></span> <span class='ocrx_word' id='word_1_101' title='bbox 835 1738 938 1801; x_wconf 90' lang='lat' dir='ltr'><strong>neque</strong></span> <span class='ocrx_word' id='word_1_102' title='bbox 961 1739 1024 1783; x_wconf 90' lang='lat' dir='ltr'><strong>uno</strong></span> <span class='ocrx_word' id='word_1_103' title='bbox 1043 1721 1137 1785; x_wconf 87' lang='lat' dir='ltr'><strong>titulo</strong></span> <span class='ocrx_word' id='word_1_104' title='bbox 1157 1741 1295 1804; x_wconf 88' lang='lat' dir='ltr'><strong>compre-</strong></span> 
     </span>
     <span class='ocr_line' id='line_1_14' title="bbox 148 1824 1294 1908; baseline 0.004 -20"><span class='ocrx_word' id='word_1_105' title='bbox 148 1826 277 1899; x_wconf 81' lang='lat' dir='ltr'><strong>hensae,</strong></span> <span class='ocrx_word' id='word_1_106' title='bbox 316 1825 372 1889; x_wconf 88' lang='lat' dir='ltr'><strong>sed</strong></span> <span class='ocrx_word' id='word_1_107' title='bbox 404 1844 494 1889; x_wconf 86' lang='lat' dir='ltr'><strong>suam</strong></span> <span class='ocrx_word' id='word_1_108' title='bbox 529 1843 671 1906; x_wconf 90' lang='lat' dir='ltr'><strong>quaeque</strong></span> <span class='ocrx_word' id='word_1_109' title='bbox 704 1824 942 1906; x_wconf 88' lang='lat' dir='ltr'><strong>inscriptionem</strong></span> <span class='ocrx_word' id='word_1_110' title='bbox 975 1846 1047 1908; x_wconf 88' lang='lat' dir='ltr'><strong>pree</strong></span> <span class='ocrx_word' id='word_1_111' title='bbox 1081 1847 1114 1891; x_wconf 90' lang='lat' dir='ltr'><strong>se</strong></span> <span class='ocrx_word' id='word_1_112' title='bbox 1147 1829 1294 1895; x_wconf 86' lang='lat' dir='ltr'><strong>ferentes.</strong></span> 
     </span>
     <span class='ocr_line' id='line_1_15' title="bbox 147 1930 1295 2013; baseline 0.003 -17"><span class='ocrx_word' id='word_1_113' title='bbox 147 1932 232 1996; x_wconf 91' lang='lat' dir='ltr'><strong>unde</strong></span> <span class='ocrx_word' id='word_1_114' title='bbox 261 1931 323 1994; x_wconf 86' lang='lat' dir='ltr'><strong>ianr</strong></span> <span class='ocrx_word' id='word_1_115' title='bbox 352 1933 477 1995; x_wconf 86' lang='lat' dir='ltr'><strong>constat</strong></span> <span class='ocrx_word' id='word_1_116' title='bbox 505 1930 648 2013; x_wconf 86' lang='lat' dir='ltr'><strong>singulos</strong></span> <span class='ocrx_word' id='word_1_117' title='bbox 672 1949 833 1994; x_wconf 86' lang='lat' dir='ltr'><strong>sermones</strong></span> <span class='ocrx_word' id='word_1_118' title='bbox 857 1932 946 1996; x_wconf 91' lang='lat' dir='ltr'><strong>nobis</strong></span> <span class='ocrx_word' id='word_1_119' title='bbox 969 1933 1103 1997; x_wconf 88' lang='lat' dir='ltr'><strong>traditos</strong></span> <span class='ocrx_word' id='word_1_120' title='bbox 1128 1953 1197 1998; x_wconf 88' lang='lat' dir='ltr'><strong>esse</strong></span> <span class='ocrx_word' id='word_1_121' title='bbox 1222 1956 1295 2001; x_wconf 93' lang='lat' dir='ltr'><strong>non·</strong></span> 
     </span>
     <span class='ocr_line' id='line_1_16' title="bbox 146 2037 1294 2120; baseline 0.003 -19"><span class='ocrx_word' id='word_1_122' title='bbox 146 2038 224 2101; x_wconf 91' lang='lat' dir='ltr'><strong>dum</strong></span> <span class='ocrx_word' id='word_1_123' title='bbox 256 2038 287 2101; x_wconf 95' lang='lat' dir='ltr'><strong>in</strong></span> <span class='ocrx_word' id='word_1_124' title='bbox 319 2057 417 2101; x_wconf 90' lang='lat' dir='ltr'><strong>unum</strong></span> <span class='ocrx_word' id='word_1_125' title='bbox 451 2055 565 2120; x_wconf 88' lang='lat' dir='ltr'><strong>corpus</strong></span> <span class='ocrx_word' id='word_1_126' title='bbox 598 2037 754 2101; x_wconf 88' lang='lat' dir='ltr'><strong>redactos.</strong></span> <span class='ocrx_word' id='word_1_127' title='bbox 788 2040 882 2120; x_wconf 88' lang='lat' dir='ltr'><strong>atque</strong></span> <span class='ocrx_word' id='word_1_128' title='bbox 911 2039 941 2101; x_wconf 92' lang='lat' dir='ltr'><strong>in</strong></span> <span class='ocrx_word' id='word_1_129' title='bbox 971 2039 1095 2104; x_wconf 89' lang='lat' dir='ltr'><strong>duobus</strong></span> <span class='ocrx_word' id='word_1_130' title='bbox 1124 2041 1294 2106; x_wconf 88' lang='lat' dir='ltr'><strong>sollemnes</strong></span> 
     </span>
     <span class='ocr_line' id='line_1_17' title="bbox 146 2142 1293 2227; baseline 0.003 -19"><span class='ocrx_word' id='word_1_131' title='bbox 146 2146 222 2209; x_wconf 85' lang='lat' dir='ltr'><strong>illae</strong></span> <span class='ocrx_word' id='word_1_132' title='bbox 249 2143 440 2227; x_wconf 83' lang='lat' dir='ltr'><strong>precationis</strong></span> <span class='ocrx_word' id='word_1_133' title='bbox 468 2142 633 2218; x_wconf 84' lang='lat' dir='ltr'><strong>formulae,</strong></span> <span class='ocrx_word' id='word_1_134' title='bbox 662 2143 778 2224; x_wconf 90' lang='lat' dir='ltr'><strong>quibus</strong></span> <span class='ocrx_word' id='word_1_135' title='bbox 807 2143 964 2208; x_wconf 87' lang='lat' dir='ltr'><strong>eiusmodi</strong></span> <span class='ocrx_word' id='word_1_136' title='bbox 989 2145 1144 2210; x_wconf 87' lang='lat' dir='ltr'><strong>orationes</strong></span> <span class='ocrx_word' id='word_1_137' title='bbox 1169 2147 1293 2212; x_wconf 84' lang='lat' dir='ltr'><strong>conclu-</strong></span> 
     </span>
     <span class='ocr_line' id='line_1_18' title="bbox 143 2249 1294 2327; baseline 0.002 -12"><span class='ocrx_word' id='word_1_138' title='bbox 143 2252 310 2327; x_wconf 86' lang='lat' dir='ltr'><strong>debantur,</strong></span> <span class='ocrx_word' id='word_1_139' title='bbox 344 2251 524 2314; x_wconf 86' lang='lat' dir='ltr'><strong>etiamnunc</strong></span> <span class='ocrx_word' id='word_1_140' title='bbox 557 2253 700 2313; x_wconf 90' lang='lat' dir='ltr'><strong>seruatae</strong></span> <span class='ocrx_word' id='word_1_141' title='bbox 733 2251 817 2327; x_wconf 89' lang='lat' dir='ltr'><strong>suut,</strong></span> <span class='ocrx_word' id='word_1_142' title='bbox 852 2249 881 2323; x_wconf 86' lang='lat' dir='ltr'><strong>in</strong></span> <span class='ocrx_word' id='word_1_143' title='bbox 921 2251 1032 2313; x_wconf 90' lang='lat' dir='ltr'><strong>ceteris</strong></span> <span class='ocrx_word' id='word_1_144' title='bbox 1071 2251 1199 2317; x_wconf 88' lang='lat' dir='ltr'><strong>recisae.</strong></span> <span class='ocrx_word' id='word_1_145' title='bbox 1238 2253 1294 2327; x_wconf 86' lang='lat' dir='ltr'><strong>sed</strong></span> 
     </span>
     <span class='ocr_line' id='line_1_19' title="bbox 143 2356 1300 2438; baseline 0.003 -15"><span class='ocrx_word' id='word_1_146' title='bbox 143 2360 210 2423; x_wconf 85' lang='lat' dir='ltr'><strong>iam</strong></span> <span class='ocrx_word' id='word_1_147' title='bbox 235 2378 271 2422; x_wconf 87' lang='lat' dir='ltr'><strong>ea</strong></span> <span class='ocrx_word' id='word_1_148' title='bbox 295 2357 395 2422; x_wconf 91' lang='lat' dir='ltr'><strong>oritur</strong></span> <span class='ocrx_word' id='word_1_149' title='bbox 418 2356 561 2438; x_wconf 84' lang='lat' dir='ltr'><strong>quaestio</strong></span> <span class='ocrx_word' id='word_1_150' title='bbox 586 2356 714 2437; x_wconf 89' lang='lat' dir='ltr'><strong>quinam</strong></span> <span class='ocrx_word' id='word_1_151' title='bbox 738 2356 812 2420; x_wconf 93' lang='lat' dir='ltr'><strong>ordo</strong></span> <span class='ocrx_word' id='word_1_152' title='bbox 836 2356 949 2420; x_wconf 90' lang='lat' dir='ltr'><strong>horum</strong></span> <span class='ocrx_word' id='word_1_153' title='bbox 974 2375 1153 2421; x_wconf 81' lang='lat' dir='ltr'><strong>sermonum</strong></span> <span class='ocrx_word' id='word_1_154' title='bbox 1178 2359 1300 2427; x_wconf 56' lang='lat' dir='ltr'><strong>consti&lt;</strong></span> 
     </span>
     <span class='ocr_line' id='line_1_20' title="bbox 143 2462 1293 2544; baseline 0 -14"><span class='ocrx_word' id='word_1_155' title='bbox 143 2465 285 2530; x_wconf 90' lang='lat' dir='ltr'><strong>tuendus</strong></span> <span class='ocrx_word' id='word_1_156' title='bbox 314 2464 367 2543; x_wconf 88' lang='lat' dir='ltr'><strong>sit,</strong></span> <span class='ocrx_word' id='word_1_157' title='bbox 395 2482 466 2527; x_wconf 86' lang='lat' dir='ltr'><strong>cunr</strong></span> <span class='ocrx_word' id='word_1_158' title='bbox 496 2462 611 2544; x_wconf 83' lang='lat' dir='ltr'><strong>duplex</strong></span> <span class='ocrx_word' id='word_1_159' title='bbox 634 2463 665 2526; x_wconf 93' lang='lat' dir='ltr'><strong>in</strong></span> <span class='ocrx_word' id='word_1_160' title='bbox 695 2463 857 2527; x_wconf 85' lang='lat' dir='ltr'><strong>codicibus</strong></span> <span class='ocrx_word' id='word_1_161' title='bbox 887 2463 1003 2527; x_wconf 88' lang='lat' dir='ltr'><strong>nostris</strong></span> <span class='ocrx_word' id='word_1_162' title='bbox 1032 2464 1219 2529; x_wconf 86' lang='lat' dir='ltr'><strong>inueniatur.</strong></span> <span class='ocrx_word' id='word_1_163' title='bbox 1249 2470 1293 2530; x_wconf 87' lang='lat' dir='ltr'><strong>et-</strong></span> 
     </span>
     <span class='ocr_line' id='line_1_21' title="bbox 142 2569 1292 2654; baseline -0.002 -17"><span class='ocrx_word' id='word_1_164' title='bbox 142 2574 230 2637; x_wconf 87' lang='lat' dir='ltr'><strong>enim</strong></span> <span class='ocrx_word' id='word_1_165' title='bbox 253 2571 429 2636; x_wconf 91' lang='lat' dir='ltr'><strong>Duaoensis</strong></span> <span class='ocrx_word' id='word_1_166' title='bbox 458 2571 523 2634; x_wconf 86' lang='grc'><strong>227</strong></span> <span class='ocrx_word' id='word_1_167' title='bbox 553 2573 585 2634; x_wconf 90' lang='lat' dir='ltr'><strong>et</strong></span> <span class='ocrx_word' id='word_1_168' title='bbox 606 2570 785 2634; x_wconf 86' lang='lat' dir='ltr'><strong>Parisiacus</strong></span> <span class='ocrx_word' id='word_1_169' title='bbox 815 2570 934 2646; x_wconf 71' lang='lat' dir='ltr'><strong>rocol,</strong></span> <span class='ocrx_word' id='word_1_170' title='bbox 959 2569 1136 2634; x_wconf 86' lang='lat' dir='ltr'><strong>duodecimi</strong></span> <span class='ocrx_word' id='word_1_171' title='bbox 1159 2574 1292 2654; x_wconf 86' lang='lat' dir='ltr'><strong>uterque</strong></span> 
     </span>
     <span class='ocr_line' id='line_1_22' title="bbox 142 2676 1291 2761; baseline -0.003 -16"><span class='ocrx_word' id='word_1_172' title='bbox 142 2679 277 2755; x_wconf 84' lang='lat' dir='ltr'><strong>saeculi,</strong></span> <span class='ocrx_word' id='word_1_173' title='bbox 311 2677 445 2761; x_wconf 89' lang='lat' dir='ltr'><strong>quorum</strong></span> <span class='ocrx_word' id='word_1_174' title='bbox 478 2696 553 2742; x_wconf 87' lang='lat' dir='ltr'><strong>sane</strong></span> <span class='ocrx_word' id='word_1_175' title='bbox 584 2676 670 2740; x_wconf 91' lang='lat' dir='ltr'><strong>haud</strong></span> <span class='ocrx_word' id='word_1_176' title='bbox 699 2695 813 2760; x_wconf 84' lang='lat' dir='ltr'><strong>magna</strong></span> <span class='ocrx_word' id='word_1_177' title='bbox 840 2676 919 2740; x_wconf 87' lang='lat' dir='ltr'><strong>fides</strong></span> <span class='ocrx_word' id='word_1_178' title='bbox 948 2680 1007 2754; x_wconf 89' lang='lat' dir='ltr'><strong>est,</strong></span> <span class='ocrx_word' id='word_1_179' title='bbox 1037 2696 1108 2740; x_wconf 82' lang='lat' dir='ltr'><strong>erun</strong></span> <span class='ocrx_word' id='word_1_180' title='bbox 1139 2696 1231 2757; x_wconf 91' lang='lat' dir='ltr'><strong>quem</strong></span> <span class='ocrx_word' id='word_1_181' title='bbox 1260 2677 1291 2741; x_wconf 92' lang='lat' dir='ltr'><strong>in</strong></span> 
     </span>
     <span class='ocr_line' id='line_1_23' title="bbox 143 2783 1291 2860; baseline -0.003 -7"><span class='ocrx_word' id='word_1_182' title='bbox 143 2790 206 2853; x_wconf 84' lang='lat' dir='ltr'><strong>hae</strong></span> <span class='ocrx_word' id='word_1_183' title='bbox 221 2786 358 2851; x_wconf 91' lang='lat' dir='ltr'><strong>editione</strong></span> <span class='ocrx_word' id='word_1_184' title='bbox 378 2788 509 2849; x_wconf 89' lang='lat' dir='ltr'><strong>secutus</strong></span> <span class='ocrx_word' id='word_1_185' title='bbox 529 2804 600 2848; x_wconf 91' lang='lat' dir='ltr'><strong>sum</strong></span> <span class='ocrx_word' id='word_1_186' title='bbox 621 2784 761 2848; x_wconf 82' lang='lat' dir='ltr'><strong>ordinem</strong></span> <span class='ocrx_word' id='word_1_187' title='bbox 782 2783 938 2860; x_wconf 80' lang='lat' dir='ltr'><strong>exhibent,</strong></span> <span class='ocrx_word' id='word_1_188' title='bbox 959 2786 1067 2849; x_wconf 89' lang='lat' dir='ltr'><strong>contra</strong></span> <span class='ocrx_word' id='word_1_189' title='bbox 1085 2783 1116 2846; x_wconf 94' lang='lat' dir='ltr'><strong>in</strong></span> <span class='ocrx_word' id='word_1_190' title='bbox 1130 2784 1291 2849; x_wconf 77' lang='lat' dir='ltr'><strong>Pur-isiaco</strong></span> 
     </span>
     <span class='ocr_line' id='line_1_24' title="bbox 145 2890 1294 2972; baseline -0.004 -14"><span class='ocrx_word' id='word_1_191' title='bbox 145 2894 233 2959; x_wconf 84' lang='lat'>1732</span> <span class='ocrx_word' id='word_1_192' title='bbox 267 2893 386 2957; x_wconf 88' lang='lat' dir='ltr'><strong>saeculi</strong></span> <span class='ocrx_word' id='word_1_193' title='bbox 418 2891 505 2968; x_wconf 87' lang='lat' dir='ltr'><strong>VIII,</strong></span> <span class='ocrx_word' id='word_1_194' title='bbox 539 2891 631 2955; x_wconf 91' lang='lat' dir='ltr'><strong>ouius</strong></span> <span class='ocrx_word' id='word_1_195' title='bbox 664 2890 800 2953; x_wconf 81' lang='lat' dir='ltr'><strong>maxima</strong></span> <span class='ocrx_word' id='word_1_196' title='bbox 837 2890 1010 2954; x_wconf 82' lang='lat' dir='ltr'><strong>arrotoritas</strong></span> <span class='ocrx_word' id='word_1_197' title='bbox 1048 2894 1105 2957; x_wconf 87' lang='lat' dir='ltr'><strong>est.</strong></span> <span class='ocrx_word' id='word_1_198' title='bbox 1145 2893 1294 2972; x_wconf 85' lang='lat' dir='ltr'><strong>quattuor·</strong></span> 
     </span>
     <span class='ocr_line' id='line_1_25' title="bbox 141 2996 1290 3081; baseline -0.005 -14"><span class='ocrx_word' id='word_1_199' title='bbox 141 3019 307 3067; x_wconf 88' lang='lat' dir='ltr'><strong>sermones</strong></span> <span class='ocrx_word' id='word_1_200' title='bbox 335 3001 381 3065; x_wconf 90' lang='lat' dir='ltr'><strong>ita</strong></span> <span class='ocrx_word' id='word_1_201' title='bbox 413 2997 586 3081; x_wconf 89' lang='lat' dir='ltr'><strong>dispositos</strong></span> <span class='ocrx_word' id='word_1_202' title='bbox 619 2996 727 3075; x_wconf 86' lang='lat' dir='ltr'><strong>babes,</strong></span> <span class='ocrx_word' id='word_1_203' title='bbox 760 2999 798 3060; x_wconf 88' lang='lat' dir='ltr'><strong>ut</strong></span> <span class='ocrx_word' id='word_1_204' title='bbox 829 2997 884 3079; x_wconf 91' lang='lat' dir='ltr'><strong>qui</strong></span> <span class='ocrx_word' id='word_1_205' title='bbox 915 2997 946 3060; x_wconf 94' lang='lat' dir='ltr'><strong>in</strong></span> <span class='ocrx_word' id='word_1_206' title='bbox 979 2996 1044 3061; x_wconf 89' lang='lat' dir='ltr'><strong>illis</strong></span> <span class='ocrx_word' id='word_1_207' title='bbox 1078 3001 1188 3078; x_wconf 85' lang='lat' dir='ltr'><strong>quarto</strong></span> <span class='ocrx_word' id='word_1_208' title='bbox 1221 2998 1290 3061; x_wconf 87' lang='lat' dir='ltr'><strong>loco</strong></span> 
     </span>
     <span class='ocr_line' id='line_1_26' title="bbox 142 3103 1290 3187; baseline -0.006 -14"><span class='ocrx_word' id='word_1_209' title='bbox 142 3108 321 3173; x_wconf 91' lang='lat' dir='ltr'><strong>collocatus</strong></span> <span class='ocrx_word' id='word_1_210' title='bbox 355 3108 404 3170; x_wconf 90' lang='lat' dir='ltr'><strong>est</strong></span> <span class='ocrx_word' id='word_1_211' title='bbox 436 3106 571 3169; x_wconf 88' lang='lat' dir='ltr'><strong>alterum</strong></span> <span class='ocrx_word' id='word_1_212' title='bbox 603 3103 709 3168; x_wconf 85' lang='lat' dir='ltr'><strong>locum</strong></span> <span class='ocrx_word' id='word_1_213' title='bbox 742 3106 886 3187; x_wconf 85' lang='lat' dir='ltr'><strong>occupet.</strong></span> <span class='ocrx_word' id='word_1_214' title='bbox 923 3104 955 3166; x_wconf 93' lang='lat' dir='ltr'><strong>in</strong></span> <span class='ocrx_word' id='word_1_215' title='bbox 987 3103 1198 3177; x_wconf 83' lang='lat' dir='ltr'><strong>Arnerbaobii‚</strong></span> <span class='ocrx_word' id='word_1_216' title='bbox 1237 3105 1290 3184; x_wconf 91' lang='lat' dir='ltr'><strong>qui</strong></span> 
     </span>
     <span class='ocr_line' id='line_1_27' title="bbox 140 3209 1289 3289; baseline -0.005 -10"><span class='ocrx_word' id='word_1_217' title='bbox 140 3215 255 3279; x_wconf 80' lang='lat' dir='ltr'><strong>codice</strong></span> <span class='ocrx_word' id='word_1_218' title='bbox 288 3211 444 3278; x_wconf 88' lang='lat' dir='ltr'><strong>Duaoensi</strong></span> <span class='ocrx_word' id='word_1_219' title='bbox 477 3211 641 3277; x_wconf 91' lang='lat' dir='ltr'><strong>simillimo</strong></span> <span class='ocrx_word' id='word_1_220' title='bbox 674 3230 752 3275; x_wconf 90' lang='lat' dir='ltr'><strong>usus</strong></span> <span class='ocrx_word' id='word_1_221' title='bbox 791 3214 850 3289; x_wconf 86' lang='lat' dir='ltr'><strong>est,</strong></span> <span class='ocrx_word' id='word_1_222' title='bbox 891 3209 1028 3274; x_wconf 90' lang='lat' dir='ltr'><strong>editione</strong></span> <span class='ocrx_word' id='word_1_223' title='bbox 1065 3212 1129 3273; x_wconf 89' lang='lat' dir='ltr'><strong>tres</strong></span> <span class='ocrx_word' id='word_1_224' title='bbox 1167 3212 1289 3273; x_wconf 88' lang='lat' dir='ltr'><strong>tantum</strong></span> 
     </span>
     <span class='ocr_line' id='line_1_28' title="bbox 141 3315 1289 3404; baseline -0.006 -19"><span class='ocrx_word' id='word_1_225' title='bbox 141 3325 255 3404; x_wconf 86' lang='lat' dir='ltr'><strong>quarto</strong></span> <span class='ocrx_word' id='word_1_226' title='bbox 285 3321 403 3385; x_wconf 88' lang='lat' dir='ltr'><strong>omisso</strong></span> <span class='ocrx_word' id='word_1_227' title='bbox 430 3320 589 3402; x_wconf 82' lang='lat' dir='ltr'><strong>leguntur.</strong></span> <span class='ocrx_word' id='word_1_228' title='bbox 623 3319 785 3395; x_wconf 85' lang='lat' dir='ltr'><strong>Erasmus,</strong></span> <span class='ocrx_word' id='word_1_229' title='bbox 811 3317 865 3400; x_wconf 89' lang='lat' dir='ltr'><strong>qui</strong></span> <span class='ocrx_word' id='word_1_230' title='bbox 888 3316 1008 3399; x_wconf 90' lang='lat' dir='ltr'><strong>primus</strong></span> <span class='ocrx_word' id='word_1_231' title='bbox 1033 3319 1181 3397; x_wconf 86' lang='lat' dir='ltr'><strong>quartum</strong></span> <span class='ocrx_word' id='word_1_232' title='bbox 1205 3315 1289 3379; x_wconf 89' lang='lat' dir='ltr'><strong>addi-</strong></span> 
     </span>
     <span class='ocr_line' id='line_1_29' title="bbox 140 3422 1289 3505; baseline -0.006 -12"><span class='ocrx_word' id='word_1_233' title='bbox 140 3430 201 3505; x_wconf 90' lang='lat' dir='ltr'><strong>dit,</strong></span> <span class='ocrx_word' id='word_1_234' title='bbox 235 3427 291 3492; x_wconf 90' lang='lat' dir='ltr'><strong>sed</strong></span> <span class='ocrx_word' id='word_1_235' title='bbox 322 3447 383 3492; x_wconf 91' lang='lat' dir='ltr'><strong>non</strong></span> <span class='ocrx_word' id='word_1_236' title='bbox 416 3445 489 3490; x_wconf 91' lang='lat' dir='ltr'><strong>cum</strong></span> <span class='ocrx_word' id='word_1_237' title='bbox 523 3426 636 3489; x_wconf 87' lang='lat' dir='ltr'><strong>ceteris</strong></span> <span class='ocrx_word' id='word_1_238' title='bbox 670 3426 884 3504; x_wconf 90' lang='lat' dir='ltr'><strong>coniunctum,</strong></span> <span class='ocrx_word' id='word_1_239' title='bbox 914 3443 986 3487; x_wconf 92' lang='lat' dir='ltr'><strong>cum</strong></span> <span class='ocrx_word' id='word_1_240' title='bbox 1014 3423 1045 3486; x_wconf 94' lang='lat' dir='ltr'><strong>in</strong></span> <span class='ocrx_word' id='word_1_241' title='bbox 1076 3441 1111 3486; x_wconf 89' lang='lat' dir='ltr'><strong>eo</strong></span> <span class='ocrx_word' id='word_1_242' title='bbox 1136 3422 1289 3502; x_wconf 77' lang='lat' dir='ltr'><strong>quaedam</strong></span> 
     </span>
     <span class='ocr_line' id='line_1_30' title="bbox 139 3529 1290 3619; baseline -0.006 -20"><span class='ocrx_word' id='word_1_243' title='bbox 139 3554 223 3619; x_wconf 88' lang='lat' dir='ltr'><strong>quae</strong></span> <span class='ocrx_word' id='word_1_244' title='bbox 263 3535 301 3599; x_wconf 90' lang='lat' dir='ltr'><strong>ab</strong></span> <span class='ocrx_word' id='word_1_245' title='bbox 335 3532 492 3598; x_wconf 85' lang='lat' dir='ltr'><strong>Ambrosii</strong></span> <span class='ocrx_word' id='word_1_246' title='bbox 528 3531 651 3595; x_wconf 91' lang='lat' dir='ltr'><strong>dicendi</strong></span> <span class='ocrx_word' id='word_1_247' title='bbox 685 3550 798 3615; x_wconf 87' lang='lat' dir='ltr'><strong>genere</strong></span> <span class='ocrx_word' id='word_1_248' title='bbox 831 3530 1011 3594; x_wconf 89' lang='lat' dir='ltr'><strong>recederent</strong></span> <span class='ocrx_word' id='word_1_249' title='bbox 1047 3529 1290 3611; x_wconf 87' lang='lat' dir='ltr'><strong>deprehendisse</strong></span> 
     </span>
     <span class='ocr_line' id='line_1_31' title="bbox 138 3636 1289 3722; baseline -0.007 -14"><span class='ocrx_word' id='word_1_250' title='bbox 138 3641 205 3708; x_wconf 88' lang='lat' dir='ltr'><strong>sibi</strong></span> <span class='ocrx_word' id='word_1_251' title='bbox 234 3642 323 3705; x_wconf 88' lang='lat' dir='ltr'><strong>uisus</strong></span> <span class='ocrx_word' id='word_1_252' title='bbox 353 3643 447 3715; x_wconf 86' lang='lat' dir='ltr'><strong>esset,</strong></span> <span class='ocrx_word' id='word_1_253' title='bbox 472 3638 674 3722; x_wconf 90' lang='lat' dir='ltr'><strong>suppositum</strong></span> <span class='ocrx_word' id='word_1_254' title='bbox 701 3657 772 3702; x_wconf 92' lang='lat' dir='ltr'><strong>eum</strong></span> <span class='ocrx_word' id='word_1_255' title='bbox 798 3640 892 3719; x_wconf 87' lang='lat' dir='ltr'><strong>atque</strong></span> <span class='ocrx_word' id='word_1_256' title='bbox 916 3637 954 3700; x_wconf 88' lang='lat' dir='ltr'><strong>ab</strong></span> <span class='ocrx_word' id='word_1_257' title='bbox 979 3636 1090 3701; x_wconf 92' lang='lat' dir='ltr'><strong>eodem</strong></span> <span class='ocrx_word' id='word_1_258' title='bbox 1114 3636 1168 3718; x_wconf 90' lang='lat' dir='ltr'><strong>qui</strong></span> <span class='ocrx_word' id='word_1_259' title='bbox 1191 3637 1289 3702; x_wconf 88' lang='lat' dir='ltr'><strong>libros</strong></span> 
     </span>
     <span class='ocr_line' id='line_1_32' title="bbox 139 3743 1289 3831; baseline -0.006 -18"><span class='ocrx_word' id='word_1_260' title='bbox 139 3751 180 3813; x_wconf 89' lang='lat' dir='ltr'><strong>de</strong></span> <span class='ocrx_word' id='word_1_261' title='bbox 204 3748 370 3812; x_wconf 88' lang='lat' dir='ltr'><strong>uocatione</strong></span> <span class='ocrx_word' id='word_1_262' title='bbox 394 3745 537 3831; x_wconf 85' lang='lat' dir='ltr'><strong>gentium</strong></span> <span class='ocrx_word' id='word_1_263' title='bbox 561 3744 750 3827; x_wconf 85' lang='lat' dir='ltr'><strong>conscripsit</strong></span> <span class='ocrx_word' id='word_1_264' title='bbox 771 3743 899 3807; x_wconf 89' lang='lat' dir='ltr'><strong>homine</strong></span> <span class='ocrx_word' id='word_1_265' title='bbox 923 3743 1102 3807; x_wconf 87' lang='lat' dir='ltr'><strong>confectum</strong></span> <span class='ocrx_word' id='word_1_266' title='bbox 1127 3761 1196 3805; x_wconf 88' lang='lat' dir='ltr'><strong>esse</strong></span> <span class='ocrx_word' id='word_1_267' title='bbox 1221 3761 1289 3806; x_wconf 86' lang='lat' dir='ltr'><strong>cen·</strong></span> 
     </span>
     <span class='ocr_line' id='line_1_33' title="bbox 137 3848 1287 3937; baseline -0.008 -16"><span class='ocrx_word' id='word_1_268' title='bbox 137 3855 219 3921; x_wconf 90' lang='lat' dir='ltr'><strong>suit.</strong></span> <span class='ocrx_word' id='word_1_269' title='bbox 244 3854 326 3937; x_wconf 90' lang='lat' dir='ltr'><strong>quod</strong></span> <span class='ocrx_word' id='word_1_270' title='bbox 345 3855 558 3918; x_wconf 86' lang='lat' dir='ltr'><strong>commentum</strong></span> <span class='ocrx_word' id='word_1_271' title='bbox 580 3870 641 3915; x_wconf 94' lang='lat' dir='ltr'><strong>non</strong></span> <span class='ocrx_word' id='word_1_272' title='bbox 665 3851 745 3915; x_wconf 86' lang='lat' dir='ltr'><strong>tanti</strong></span> <span class='ocrx_word' id='word_1_273' title='bbox 770 3870 839 3915; x_wconf 90' lang='lat' dir='ltr'><strong>esse</strong></span> <span class='ocrx_word' id='word_1_274' title='bbox 864 3850 990 3915; x_wconf 90' lang='lat' dir='ltr'><strong>uidetur</strong></span> <span class='ocrx_word' id='word_1_275' title='bbox 1014 3853 1104 3913; x_wconf 88' lang='lat' dir='ltr'><strong>uteo</strong></span> <span class='ocrx_word' id='word_1_276' title='bbox 1123 3848 1287 3912; x_wconf 81' lang='lat' dir='ltr'><strong>refutando</strong></span> 
     </span>
     <span class='ocr_line' id='line_1_34' title="bbox 137 3956 1289 4046; baseline -0.008 -20"><span class='ocrx_word' id='word_1_277' title='bbox 137 3967 268 4046; x_wconf 88' lang='lat' dir='ltr'><strong>tempus</strong></span> <span class='ocrx_word' id='word_1_278' title='bbox 295 3961 477 4045; x_wconf 83' lang='lat' dir='ltr'><strong>perdamus.</strong></span> <span class='ocrx_word' id='word_1_279' title='bbox 509 3959 571 4024; x_wconf 88' lang='lat' dir='ltr'><strong>iam</strong></span> <span class='ocrx_word' id='word_1_280' title='bbox 601 3962 638 4023; x_wconf 91' lang='lat' dir='ltr'><strong>ut</strong></span> <span class='ocrx_word' id='word_1_281' title='bbox 665 3959 704 4023; x_wconf 88' lang='lat' dir='ltr'><strong>ad</strong></span> <span class='ocrx_word' id='word_1_282' title='bbox 728 3958 945 4041; x_wconf 87' lang='lat' dir='ltr'><strong>quaestionem</strong></span> <span class='ocrx_word' id='word_1_283' title='bbox 968 3956 1162 4039; x_wconf 88' lang='lat' dir='ltr'><strong>propositam</strong></span> <span class='ocrx_word' id='word_1_284' title='bbox 1186 3974 1289 4018; x_wconf 89' lang='lat' dir='ltr'><strong>reuer-</strong></span> 
     </span>
     <span class='ocr_line' id='line_1_35' title="bbox 136 4060 1287 4151; baseline -0.008 -17"><span class='ocrx_word' id='word_1_285' title='bbox 136 4075 256 4146; x_wconf 85' lang='lat' dir='ltr'><strong>tamur,</strong></span> <span class='ocrx_word' id='word_1_286' title='bbox 289 4068 405 4151; x_wconf 90' lang='lat' dir='ltr'><strong>quibus</strong></span> <span class='ocrx_word' id='word_1_287' title='bbox 441 4067 617 4131; x_wconf 88' lang='lat' dir='ltr'><strong>rationibus</strong></span> <span class='ocrx_word' id='word_1_288' title='bbox 655 4071 692 4130; x_wconf 93' lang='lat' dir='ltr'><strong>ut</strong></span> <span class='ocrx_word' id='word_1_289' title='bbox 727 4066 865 4129; x_wconf 88' lang='lat' dir='ltr'><strong>ordinem</strong></span> <span class='ocrx_word' id='word_1_290' title='bbox 903 4062 1099 4146; x_wconf 81' lang='lat' dir='ltr'><strong>Duaoensi1)</strong></span> <span class='ocrx_word' id='word_1_291' title='bbox 1136 4060 1287 4125; x_wconf 88' lang='lat' dir='ltr'><strong>traditum</strong></span> 
     </span>
    </p>
   </div>
   <div class='ocr_carea' id='block_1_3' title="bbox 189 4269 1231 4427">
    <p class='ocr_par' dir='ltr' id='par_1_3' title="bbox 189 4269 1231 4427">
     <span class='ocr_line' id='line_1_36' title="bbox 189 4269 1231 4347; baseline -0.012 -14"><span class='ocrx_word' id='word_1_292' title='bbox 189 4278 210 4347; x_wconf 84' lang='lat'><strong>¹)</strong></span> <span class='ocrx_word' id='word_1_293' title='bbox 226 4278 378 4333; x_wconf 78' lang='lat' dir='ltr'><strong>Parisiscus</strong></span> <span class='ocrx_word' id='word_1_294' title='bbox 397 4276 468 4331; x_wconf 87' lang='lat' dir='ltr'><strong>enim</strong></span> <span class='ocrx_word' id='word_1_295' title='bbox 490 4277 575 4331; x_wconf 75' lang='grc'>14464</span> <span class='ocrx_word' id='word_1_296' title='bbox 595 4292 626 4330; x_wconf 83' lang='lat' dir='ltr'><strong>ex</strong></span> <span class='ocrx_word' id='word_1_297' title='bbox 644 4275 704 4345; x_wconf 87' lang='lat' dir='ltr'><strong>ipso</strong></span> <span class='ocrx_word' id='word_1_298' title='bbox 723 4274 859 4328; x_wconf 81' lang='lat' dir='ltr'><strong>Duaoensi</strong></span> <span class='ocrx_word' id='word_1_299' title='bbox 880 4273 1017 4327; x_wconf 84' lang='lat' dir='ltr'><strong>donicatus</strong></span> <span class='ocrx_word' id='word_1_300' title='bbox 1038 4286 1095 4324; x_wconf 87' lang='lat' dir='ltr'><strong>esse</strong></span> <span class='ocrx_word' id='word_1_301' title='bbox 1114 4269 1231 4322; x_wconf 83' lang='lat' dir='ltr'><strong>uidetur.</strong></span> 
     </span>
     <span class='ocr_line' id='line_1_37' title="bbox 1181 4374 1214 4427; baseline 0 -24"><span class='ocrx_word' id='word_1_302' title='bbox 1181 4374 1214 4427; x_wconf 67' lang='lat' dir='ltr'><strong>b*</strong></span> 
     </span>
    </p>
   </div>
   <div class='ocr_carea' id='block_1_4' title="bbox 0 0 1406 5168">
    <p class='ocr_par' dir='ltr' id='par_1_4' title="bbox 0 0 1406 5168">
     <span class='ocr_line' id='line_1_38' title="bbox 0 0 1406 5168; baseline 0 3"><span class='ocrx_word' id='word_1_303' title='bbox 0 0 1406 5168; x_wconf 95' lang='lat' dir='ltr'><strong> </strong></span> 
     </span>
    </p>
   </div>
  </div>
 </body>
</html>
