2804 5168
1246 342 1259 373 p

372 336 413 388 De
432 335 519 389 'lobia
537 335 580 399 20,
595 335 701 389 76-78
726 335 820 401 (1616
840 336 950 391 r-ort
970 337 1015 400 D).
1198 341 1262 403 562)

28 524 68 589 77
117 535 292 595 mentum
317 533 444 599 tunm;
470 527 670 611 praeterit
694 526 797 590 enirn
821 527 1060 593 iniuriosus.
1088 530 1262 613 sapientiae

117 636 347 701 uestimentum
376 639 425 699 est
454 654 489 698 er
517 635 582 698 illis
610 633 818 710 indumentis
847 654 927 715 ornae
956 653 992 698 en
1016 635 1111 719 bysso
1136 640 1167 700 et
1190 656 1263 718 pur·

115 762 195 826 pura
224 742 377 824 sapientia
406 741 467 806 sibi
495 741 582 816 fecit,
612 741 670 804 hoc
699 744 763 804 est:
793 740 1012 804 indumentum
1041 741 1114 805 fidei
1139 747 1263 807 constat

116 869 153 914 ex
179 849 413 930 praedicatione
443 848 629 912 caelestium
659 849 691 910 et
714 847 889 911 dominicae
913 848 1066 931 sanguine
1088 849 1261 931 passionis:

81 957 212 1039 abysso
246 955 386 1020 aetheria
417 954 602 1039 figurantur,
635 972 791 1036 purpurae
825 953 930 1036 specie
962 955 1147 1037 mysterium
1182 957 1261 1021 sacri

116 1063 280 1147 sanguinis
305 1063 490 1139 declaratur,
515 1081 577 1143 quo
601 1080 732 1144 regnum
762 1061 898 1125 caeleste
926 1061 1093 1126 confertur.
1127 1061 1261 1144 deniqne

115 1169 342 1234 uestimentum
376 1169 550 1252 sapientiae
584 1167 755 1252 significari
787 1168 949 1249 superiora
985 1167 1137 1240 indicant;
1175 1189 1262 1250 prae-

116 1276 207 1341 misit
229 1277 313 1341 enim
342 1276 464 1340 dicens:
499 1275 663 1357 sapiens
693 1278 792 1351 esto,
823 1275 899 1351 fili,
924 1279 967 1338 ut
991 1276 1173 1340 laetetur
1197 1294 1262 1340 cor

115 1387 230 1446 tuum
275 1387 308 1447 et
348 1383 429 1447 infra
467 1382 547 1446 duos
586 1401 698 1445 uersus
732 1381 791 1445 ait:
824 1381 1090 1465 inprudentes
1128 1385 1305 1446 autenrc

69 1512 97 1552 ro
116 1489 460 1571 superuenientes
485 1488 668 1552 damnum
697 1488 883 1571 pendent.
917 1488 1005 1552 aufer
1032 1488 1261 1552 uestimentum

114 1601 216 1660 tuum.
241 1598 330 1661 aufer·
353 1597 461 1681 igitur,
482 1614 519 1659 ne
544 1596 691 1659 damnum
717 1595 852 1677 excipias
877 1595 1107 1676 inprudentiae,
1133 1614 1169 1659 ne
1190 1614 1261 1659 eru-

114 1707 182 1767 tum
212 1707 243 1767 te
272 1703 397 1787 proprio
422 1702 615 1766 uestimento
640 1701 854 1784 nequissimus
878 1701 931 1765 ille
956 1702 1133 1766 communis
1157 1703 1259 1766 faena·

114 1814 198 1875 rator
231 1828 405 1894 agnoscens
439 1809 656 1873 confusionem
689 1808 737 1872 tui
766 1807 913 1892 detegere
942 1810 1073 1872 conetur
1102 1809 1260 1890 opprobrii

114 1922 146 1981 et
173 1917 362 2000 persuadeat
390 1917 458 1990 tini,
488 1920 524 1980 ut
551 1920 582 1979 te
611 1915 697 1980 foliis
725 1919 815 1998 tegas
840 1919 874 1979 et
895 1915 1016 1979 nudum
1039 1920 1070 1979 te
1095 1935 1164 1980 esse
1189 1935 1260 1980 con-

70 2045 96 2085 is
114 2024 251 2107 spiciens
275 2024 307 2087 in
332 2023 381 2088 dei
407 2023 544 2087 uerearis
568 2023 675 2086 uenire
700 2026 915 2104 conspectum.

28 2123 66 2187 78
158 2130 292 2194 Redde
317 2129 421 2212 inquit
443 2129 622 2212 proximo
647 2129 684 2192 in
708 2131 898 2209 tempore,
924 2135 1149 2212 coangusta
1177 2149 1260 2193 uer·
1278 2141 1305 2192 Ι)

115 2238 202 2301 bum
227 2237 576 2319 etfideliterage
601 2255 687 2300 oum
712 2234 799 2299 illo.
824 2235 922 2299 etin
948 2235 1258 2319 omnitempore

112 2342 300 2407 inuenies
325 2342 428 2424 qnod
452 2341 530 2406 tibi
554 2341 831 2405 necessarium
857 2341 922 2405 sit.
952 2361 1013 2405 non
1039 2346 1123 2405 amat
1146 2343 1258 2407 maltis

111 2449 291 2514 innocentia
315 2467 349 2513 se
373 2448 549 2513 defendero.
584 2446 727 2512 Susanna
754 2447 843 2511 uocis
868 2447 1045 2512 adsertione
1069 2467 1130 2512 non
1155 2450 1257 2533 eguit:

64 2580 94 2620 so
112 2557 246 2620 uerbum
280 2555 503 2639 coangustauit
531 2555 569 2619 ad
598 2554 759 2619 dominum
790 2558 822 2619 et
850 2554 959 2618 statinr
988 2554 1120 2637 adipisci
1143 2557 1260 2620 meruit

112 2663 269 2728 castitatis
283 2663 425 2746 propriae
440 2662 669 2728 testimonium.
689 2661 827 2744 plurima
843 2660 1019 2744 presbyteri
1037 2662 1259 2743 loquebantur,

112 2770 166 2853 qui
199 2770 383 2835 laborabant
416 2770 584 2833 uerborum
616 2768 689 2832 fuco
724 2768 878 2833 obducere
908 2768 1085 2843 ueritatem,
1115 2767 1170 2831 sed
1198 2788 1257 2832 non

110 2878 177 2942 filia
199 2877 289 2942 luda.
313 2876 415 2940 tacuit
442 2880 519 2958 aput
546 2875 700 2950 homines
730 2875 838 2939 locuta
866 2878 915 2939 est
943 2874 1011 2938 deo.
1046 2873 1259 2941 erubescenda

110 2987 179 3048 erat
202 2984 231 3048 in
256 2983 347 3067 plebe
371 2983 441 3063 ipsa
469 2981 609 3047 defensio
637 2981 801 3045 muliebris
830 2985 871 3058 et,
905 2981 980 3045 dnm
1013 2980 1116 3062 pudor
1153 2984 1260 3049 deien-

201 3181 217 3232 2
241 3183 369 3238 Prouerb.
390 3184 433 3241 29,
452 3184 487 3237 40
508 3183 562 3248 (31,
582 3183 627 3247 2‘2)
719 3182 735 3235 8
759 3182 886 3235 Prouerb.
906 3185 950 3245 27,
972 3183 1001 3236 11
1093 3185 1109 3237 9
1129 3184 1255 3239 Prouerb.

110 3273 155 3335 27,
176 3273 209 3326 12
266 3273 298 3325 14
319 3271 384 3325 Gen.
405 3273 461 3334 3‚7
519 3272 552 3324 16
572 3271 622 3327 Sir.
638 3271 767 3339 ‘lit‘lscp
825 3273 856 3323 19
876 3274 935 3325 Sus.
951 3273 985 3327 35
1001 3272 1081 3336 (Dan.
1099 3274 1141 3338 13,
1155 3275 1190 3327 42
1205 3274 1256 3343 sq.)

149 3451 161 3502 1
182 3450 337 3503 iniuriosius
357 3449 408 3502 Pt'
424 3448 551 3501 iuriosius
568 3448 592 3500 B
611 3447 727 3500 iuriosus
747 3449 771 3500 Τ
823 3449 839 3501 3
859 3396 924 3503 fecit
938 3402 991 3503 sibi
1011 3450 1036 3503 V
1088 3453 1104 3502 4
1124 3452 1257 3520 passionis

109 3539 242 3607 sanguine
261 3539 303 3598 P,
324 3539 456 3607 passionis
476 3554 526 3591 om.
549 3539 572 3591 (J
624 3537 733 3597 abisso
754 3542 780 3606 (y
799 3555 820 3593 o.
840 3537 860 3601 i)
882 3538 906 3590 V
977 3538 1099 3593 aetheria
1122 3541 1148 3592 V
1164 3541 1257 3595 aetbe-

108 3627 149 3696 rie
168 3626 196 3680 Ρ
218 3627 320 3697 etlrerip
339 3627 369 3679 D
392 3626 494 3680 etherio
513 3626 574 3679 P‘C
591 3627 733 3679 aethereae
753 3626 780 3677 B
798 3627 910 3679 aethera
929 3632 956 3690 (a
975 3629 1024 3681 alt.
1044 3646 1077 3682 ex
1096 3630 1120 3682 ie
1139 3633 1197 3695 m3)
1222 3630 1256 3689 Y:

102 3715 173 3782 sort.
195 3715 373 3785 effigurantur
390 3715 562 3769 scribendum
653 3715 802 3768 misterium
821 3716 905 3769 PVY
989 3718 1062 3786 sagri
1080 3718 1113 3777 P.
1133 3735 1183 3773 om.
1205 3720 1259 3772 ΒΤ

110 3810 125 3862 7
145 3806 249 3859 indicat
267 3804 384 3858 PDP⁴C
472 3806 488 3857 8
508 3805 644 3866 laetantur
663 3808 688 3871 (c
706 3821 728 3858 s.
748 3821 764 3856 a
784 3804 843 3871 all.)
868 3804 893 3857 V
980 3806 996 3858 9
1021 3810 1112 3859 autern
1131 3824 1182 3861 onr.
1202 3807 1260 3860 BT

111 3896 144 3950 10
159 3893 285 3965 penditur
296 3893 357 3947 DP'
431 3891 520 3945 aufers
530 3891 631 3948 PDP‘:
641 3891 712 3957 sort.
724 3892 829 3945 auferas
887 3894 916 3945 11
935 3896 962 3945 et
976 3911 1009 3947 nc
1019 3895 1049 3948 1)
1064 3896 1105 3958 (in
1120 3912 1174 3949 roe.
1191 3899 1255 3951 arai.

108 3985 207 4053 spatio
227 3983 261 4036 P‘
321 3981 354 4034 13
375 3981 512 4051 opproprii
531 3981 558 4033 P
575 3980 698 4049 opprobii
721 3980 744 4032 (F
762 3980 885 4050 obprobii
904 3987 950 4035 cet.
1009 3985 1041 4036 14
1061 3987 1089 4036 et
1104 3986 1161 4053 pn]
1182 3988 1209 4038 to
1234 3986 1260 4038 V

145 4075 239 4141 tegias
263 4070 289 4122 V
378 4070 409 4123 16
429 4070 547 4139 proximo
568 4072 615 4122 tuo
635 4069 670 4121 P‘
761 4071 792 4123 17
813 4070 924 4124 fidiliter
942 4070 968 4122 Ρ
1048 4072 1080 4125 18
1100 4073 1147 4142 sit]
1169 4075 1256 4127 ostB

111 4163 144 4215 19
164 4178 192 4215 se
211 4159 411 4214 innocentiaB
478 4161 511 4213 21
533 4157 675 4228 presuitcri
695 4158 722 4210 P
787 4161 821 4212 ‘22
841 4159 905 4229 sugo
925 4159 1033 4213 Psuco
1053 4160 1080 4212 B
1143 4162 1177 4215 23
1197 4179 1256 4215 eru-

108 4250 238 4305 biscenda
256 4251 283 4304 P
335 4249 467 4318 adplene
488 4247 514 4300 P
