2804 5168
140 650 185 715 Vl
405 695 407 701 ,
613 647 830 703 Praefatio.

139 843 331 920 memineris,
366 862 428 924 qua
467 843 522 907 1110
562 843 741 909 Ausonium
776 846 813 908 ut
845 844 1032 925 scriptiones
1066 864 1139 909 suas
1177 866 1286 912 secum

140 950 387 1017 communicaret
423 950 559 1034 rogauit.
603 950 713 1015 deinde
747 970 802 1014 sua
838 955 949 1034 sponte
981 952 1168 1016 Ambrosius
1202 954 1288 1019 hunc

139 1057 258 1122 librum
281 1057 465 1139 imperatori
488 1056 614 1120 mittere
638 1057 744 1138 potuit
766 1056 936 1139 perfectam
960 1058 1045 1142 regis
1070 1059 1186 1123 summi
1211 1060 1289 1124 ima-

141 1165 246 1249 ginem
266 1163 295 1228 ei
315 1163 354 1227 ad
372 1163 561 1227 imitandum
579 1163 811 1245 propositurus.
836 1183 938 1246 neque
958 1165 1025 1228 sine
1048 1184 1144 1230 causa
1166 1166 1286 1232 facturn

140 1290 209 1337 esse
232 1275 310 1353 puto
335 1273 372 1333 ut
394 1269 529 1333 Dauidis
553 1268 686 1333 bellicae
711 1271 743 1333 et
766 1268 984 1351 imperatoriae
1009 1271 1145 1335 uirtutes
1169 1271 1201 1335 in
1226 1273 1289 1337 hoc

139 1378 248 1443 libello
291 1376 389 1442 tantis
427 1376 575 1440 laudibus
613 1375 853 1459 celebrentur1),
890 1380 955 1441 tam
993 1397 1086 1461 saepe
1123 1378 1218 1442 uenia
1255 1385 1288 1442 et

140 1485 356 1550 misericordia
391 1484 459 1548 eius
493 1483 753 1567 praedicentur2).
787 1503 823 1548 ac
854 1502 887 1547 re
920 1503 996 1547 uera
1027 1485 1108 1548 inter
1133 1485 1224 1549 illum
1255 1489 1289 1550 et

139 1591 353 1656 Theodosium
378 1590 620 1655 similitudinem
645 1590 801 1672 quandam
824 1589 1017 1655 intercedere
1036 1611 1126 1656 nemo
1147 1593 1286 1675 negabit.

139 1719 211 1764 narn
240 1702 273 1763 et
299 1697 350 1762 hic
378 1696 461 1762 bello
490 1696 638 1761 inclaruit
660 1696 843 1778 uirtuteque
868 1716 1014 1762 suarem
1038 1698 1197 1781 publicam
1222 1719 1287 1763 ser-

140 1807 230 1871 uauit
272 1824 308 1870 ac
345 1804 488 1870 restituit
525 1805 557 1867 et
592 1803 728 1867 inimicis
765 1804 899 1868 libenter
934 1805 1060 1868 ueniam
1097 1805 1285 1888 impertiuit‚

139 1913 283 1995 denique,
317 1931 398 1993 quae
426 1930 476 1975 res
504 1909 631 1973 maximi
659 1911 810 1975 momenti
840 1915 899 1986 est,
928 1911 1012 1975 sicut
1035 1911 1139 1976 Dauid
1167 1912 1285 1977 delicto

138 2039 157 2083 a
185 2039 219 2085 se
249 2019 418 2083 commisso
447 2017 652 2081 uehementer
679 2017 781 2082 doluit
808 2017 984 2099 humilique
1008 2018 1285 2101 0000000011οη-

138 2127 215 2191 tiam
251 2125 327 2208 egit.
361 2142 397 2188 ao
430 2124 525 2187 talem
562 2123 630 2187 eius
662 2123 833 2207 imaginem
861 2124 1048 2190 Ambrosius
1080 2125 1111 2189 in
1145 2125 1286 2191 oratioue

139 2252 218 2315 quae
243 2232 281 2296 de
305 2230 394 2296 obitu
418 2228 588 2294 Theodosii
612 2229 796 2294 inscribitur
818 2231 981 2313 expressit.
1015 2235 1152 2296 ceterum
1177 2236 1285 2297 utrum

139 2343 209 2404 ante
243 2359 280 2403 an
312 2341 388 2420 post
419 2341 557 2420 stragem
590 2337 677 2400 illam
706 2337 1019 2402 Thessalonicensem
1052 2339 1104 2404 hic
1132 2339 1213 2403 liber
1245 2339 1285 2403 ad

138 2446 360 2530 imperatorem
393 2444 511 2508 missus
545 2443 588 2508 sit
615 2444 686 2526 quis
715 2463 832 2527 quaeso
861 2445 1070 2511 diiudicabit?
1093 2446 1154 2510 hoc
1177 2449 1283 2510 tamen

139 2556 259 2618 certum
297 2556 346 2616 est
383 2551 509 2616 codices
545 2550 662 2632 quibus
699 2551 821 2615 utimur
856 2570 891 2614 ex
930 2552 1071 2635 exemplo
1104 2551 1283 2617 Theodosio

140 2659 243 2724 dicato
269 2658 421 2743 originem
446 2658 584 2722 duxisse.
618 2661 789 2739 supersunt
817 2658 972 2740 opuscula
1004 2658 1048 2722 de
1075 2658 1204 2736 Helia,
1238 2658 1283 2722 de

137 2765 361 2843 Nabuthae,
400 2765 444 2829 de
477 2765 609 2843 Tobia,
648 2784 726 2846 quae
764 2784 800 2828 er
837 2765 1035 2831 sermonibus
1066 2767 1097 2828 in
1130 2764 1283 2830 librorum

136 2873 269 2936 formam
303 2870 428 2934 redacta
460 2889 529 2934 csse
562 2869 654 2934 facile
687 2870 894 2934 demonstrari
922 2873 1038 2952 potest.
1074 2875 1105 2934 et
1131 2870 1216 2953 quod
1244 2869 1283 2934 ad

137 2978 274 3061 primum
303 2997 338 3042 ex
366 2977 563 3042 sermonibus
593 2976 835 3060 quadragesima
863 2977 990 3041 ineunte
1015 2978 1133 3042 habitis
1158 2996 1284 3061 compo·

139 3086 236 3149 situm
274 3083 397 3149 adtinet
434 3083 573 3147 sufficiet
609 3084 667 3148 hos
704 3084 793 3148 locos
826 3085 901 3162 458,
938 3086 976 3148 17
1012 3084 1172 3167 (audistis
1207 3084 1283 3167 quid

138 3192 230 3258 hodie
262 3191 383 3256 lectum
411 3191 476 3276 sit')
507 3195 538 3254 et
566 3192 641 3268 443,
672 3193 691 3253 5
721 3210 789 3273 sqq.
815 3189 958 3275 (putatis
1065 3191 1199 3256 audistis

138 3299 268 3377 audite’)
302 3298 467 3379 inspicere.
501 3297 616 3379 quihus
650 3297 729 3362 adde
762 3298 859 3362 uerba
891 3299 967 3376 443,
1002 3301 1020 3363 7
1055 3301 1192 3382 ‘propter
1224 3299 1282 3362 hos

137 3406 329 3471 fortissimos
354 3405 461 3482 uiros’,
486 3404 568 3467 uude
593 3405 775 3487 colligimus
798 3405 943 3469 tribunos
967 3405 1106 3469 militum
1127 3407 1283 3471 centurio-

138 3531 256 3595 nesque
280 3516 349 3576 tum
377 3512 407 3574 in
438 3511 571 3575 ecclesia
600 3510 751 3588 adfuisse,
775 3531 876 3593 neque
900 3531 917 3574 a
941 3531 1014 3576 uero
1040 3512 1130 3576 abest
1152 3512 1283 3575 Ambro-

137 3619 232 3695 sium,
262 3637 332 3682 oum
362 3619 440 3681 bene
469 3619 564 3681 sciret
588 3637 641 3682 eos
664 3621 816 3682 uenturos
841 3637 921 3696 esse,
946 3619 1118 3681 orationem
1143 3618 1188 3682 ita
1212 3638 1282 3682 con-

137 3725 333 3802 formauisse,
371 3729 408 3787 ut
444 3725 547 3789 acrius
585 3726 616 3789 iu
656 3726 839 3790 ebrietatem
872 3727 1084 3790 inueheretur.
1121 3729 1216 3808 atque
1249 3727 1281 3790 in

137 3831 266 3895 eosdem
290 3831 415 3895 derecta
438 3835 512 3895 sunt
536 3852 615 3913 quae
639 3833 714 3909 448,
742 3834 781 3894 13
806 3851 873 3914 sqq.
899 3832 936 3896 de
961 3832 1177 3916 optationibus
1201 3832 1283 3897 iuter

137 3937 308 4018 potandum
332 3938 463 4020 prolatis
492 3938 649 4005 dicuntur.
684 3939 715 4001 in
744 3938 852 4002 libello
877 3939 914 4001 de
938 3939 1106 4003 Nabuthae
1130 3959 1189 4004 nou
1215 3943 1280 4004 tam

137 4048 222 4109 certa
254 4044 404 4128 pristinae
436 4045 553 4108 formae
588 4046 775 4109 documenta
807 4045 927 4123 insunt,
961 4046 1015 4109 sed
1048 4065 1083 4109 ex
1116 4050 1184 4112 tota
1211 4047 1281 4111 eius

136 4151 352 4232 dispositione,
376 4171 412 4214 ex
436 4152 547 4235 agendi
570 4153 690 4216 ratione
715 4156 746 4216 et
769 4152 946 4216 elocutione
971 4171 1044 4216 eum
1063 4152 1102 4215 ad
1121 4173 1281 4218 sermones

136 4257 235 4321 redire
269 4258 475 4342 intellegitur.
509 4278 619 4322 uerum
648 4279 709 4322 non
738 4259 853 4323 desunt
881 4279 917 4323 ea
944 4260 976 4322 in
1003 4259 1084 4323 libro
1110 4258 1147 4322 de
1171 4260 1281 4335 Tobia,

184 4501 202 4569 1)
221 4502 255 4555 cr.
274 4501 335 4564 aon,
358 4501 400 4565 14;
422 4501 482 4562 are,
503 4504 531 4566 2;
551 4503 612 4563 are,
634 4503 674 4555 rr.

183 4586 201 4655 ²)
223 4589 336 4655 0310,
356 4591 384 4645 s.
405 4591 465 4646 su.
488 4591 532 4653 rr,
552 4591 612 4655 ers,
631 4593 656 4646 4.
