2804 5168
78 13 1398 309 u

142 619 207 691 280
614 613 811 667 Ambrosii

141 816 178 874 ut
200 809 263 874 iste
286 829 378 875 mons
402 809 492 873 tieret
516 809 660 893 exiguus,
686 809 723 873 de
751 829 812 891 quo
846 808 891 873 ait
923 809 1090 890 propheta:
1125 807 1288 892 abyssus

142 918 318 1000 abyssum
351 918 505 981 inuocat
537 916 573 980 in
606 934 696 979 uoce
730 917 1005 980 cataractarum
1038 918 1199 983 tuarum.
1223 935 1286 981 non

140 1021 344 1105 praeualebat
361 1025 457 1087 uetus
476 1025 703 1087 testamentum
723 1021 762 1085 ad
780 1022 875 1086 istius
894 1022 1004 1085 mnndi
1021 1022 1286 1105 redemptionem:

140 1128 312 1194 inuocabat
326 1132 358 1194 et
373 1129 464 1211 qnasi
483 1128 521 1193 ad
541 1128 691 1193 auxilinm
711 1129 891 1193 arcessebat
910 1147 1027 1192 nouurn
1046 1132 1286 1194 testamentum.

143 1235 300 1300 clamabat
330 1235 379 1300 lex
411 1235 599 1300 adnuntians
624 1234 835 1317 euangelium.
861 1234 1034 1298 eratenim
1059 1234 1234 1317 semiplena
1257 1240 1288 1299 et
1319 1262 1332 1302 s

142 1341 213 1407 ideo
238 1345 304 1407 erat
331 1341 555 1418 necessarium,
579 1344 616 1405 ut
644 1342 767 1406 ueniret
795 1341 848 1423 qui
880 1342 984 1424 legem
1016 1340 1160 1422 inpleret.
1195 1340 1287 1406 finis

143 1449 241 1514 enim
273 1449 373 1533 legis
398 1447 576 1515 Christus
610 1448 654 1512 ad
681 1448 879 1513 iustitiam
905 1447 1003 1512 omni
1028 1447 1208 1523 credenti,
1233 1448 1287 1530 qui
1348 1454 1368 1508 Ε

143 1556 232 1621 uenit
253 1556 358 1639 legem
381 1555 523 1638 implere,
547 1573 609 1619 non
634 1555 768 1620 soluere.
794 1555 952 1636 quomodo
977 1554 1113 1638 abyssus
1139 1554 1190 1618 lex
1213 1553 1288 1617 audi

144 1662 316 1728 dicentem:
340 1662 483 1727 iudicia
515 1665 579 1728 tua
611 1662 712 1726 sicut
745 1662 905 1745 abyssus
938 1663 1067 1726 multa.
1093 1661 1191 1726 simul
1215 1661 1286 1725 hinc

143 1768 292 1853 intellege
326 1773 497 1850 utrumque
528 1769 624 1833 unius
648 1787 719 1833 esse
743 1768 919 1851 sapientiae
942 1770 1180 1843 testamentum,
1204 1766 1289 1848 quod
1308 1796 1332 1835 ro

145 1875 237 1959 quasi
260 1895 354 1940 sunm
377 1875 467 1939 uenit
489 1874 630 1957 implere.
656 1878 829 1939 cataractas
849 1877 955 1938 autem
978 1873 1195 1955 intellegimus
1219 1893 1289 1957 pro·

143 1981 241 2047 funda
272 1982 441 2047 uerborum
465 1985 497 2046 et
520 1981 587 2045 uim
612 1981 758 2046 caelestis
783 1981 910 2064 eloquii,
935 1999 1015 2064 quae
1047 1979 1164 2045 finxere
1197 1980 1288 2046 nobis

145 2089 231 2153 sicut
266 2088 368 2153 imber
405 2107 421 2152 e
459 2089 557 2153 caelo.
595 2107 670 2172 ergo
712 2087 888 2152 remedium
929 2087 1104 2152 taediorum
1148 2087 1288 2151 omnium

146 2194 291 2260 Clm'stus
325 2198 357 2260 et
390 2195 546 2278 scriptura
578 2195 687 2259 diuina
719 2198 814 2277 atque
837 2195 869 2258 in
892 2193 1157 2276 temptationibus
1191 2213 1289 2258 unum

144 2301 334 2386 perfugium.
1309 2325 1332 2366 ra

55 2412 89 2495 ὅ,
103 2414 143 2477 19
189 2408 335 2491 Denique
367 2407 423 2472 ubi
460 2407 599 2473 aduertit
636 2407 740 2473 Dauid
779 2407 862 2491 quod
901 2406 1094 2471 eleuationes
1131 2406 1288 2471 fluctuum
1347 2412 1367 2466 F

146 2514 356 2583 saecularium
391 2533 486 2597 super
517 2534 552 2579 se
585 2514 738 2591 uerrirent,
772 2533 850 2595 quas
883 2532 1011 2578 necesse
1049 2520 1098 2578 est
1135 2513 1289 2596 plurimas

146 2621 318 2687 subeamus
350 2621 381 2685 in
415 2621 509 2685 istius
543 2622 610 2686 salo
634 2621 729 2696 uitae,
754 2639 875 2685 memor
898 2620 1015 2685 domiui
1038 2620 1288 2695 miserationum,

146 2748 225 2811 quas
248 2729 421 2792 innumeris
444 2727 592 2810 promisit
615 2729 762 2804 oraculis,
787 2727 826 2791 ad
848 2745 973 2808 precem
998 2745 1171 2791 conuersus
1195 2727 1289 2791 iuter·
1330 2730 1398 2788 olel

146 2834 245 2917 pellat
269 2835 363 2899 deum
388 2834 492 2899 sciens
516 2834 602 2916 quod
625 2833 842 2898 misericordia
865 2834 935 2896 eius
957 2833 988 2895 in
1013 2833 1085 2897 luce
1109 2833 1331 2904 mardrinum

145 2941 179 3006 id
204 2946 253 3007 ost
275 2942 306 3006 in
331 2942 412 3024 lege,
437 2942 510 3023 quin
542 2942 603 3005 lux
635 2944 837 3024 praecepta
869 2945 943 3011 tua,
972 2941 1002 3004 in
1026 2940 1290 3024 temptationibus

147 3051 253 3112 autem
288 3047 378 3129 quasi
400 3047 433 3111 in
457 3048 559 3114 noctis
583 3048 721 3112 tenebris
754 3046 986 3111 manifestatur.
1021 3047 1104 3110 unde
1127 3051 1290 3129 tamquam

146 3155 260 3231 uiator,
285 3154 340 3237 qui
367 3155 537 3237 repatriare
566 3154 725 3218 desideret
750 3159 781 3217 et
804 3153 967 3235 peruenire
996 3173 1058 3235 quo
1083 3153 1195 3227 tendit,
1220 3172 1290 3218 oon-

146 3260 272 3344 fragoso
304 3264 409 3325 tamen
443 3260 528 3325 nitae
561 3261 656 3324 huius
689 3261 800 3324 itinere
834 3260 987 3343 fatigatus
1017 3259 1129 3322 ducem
1159 3258 1291 3323 arcessit

81 3376 124 3438 20
149 3372 181 3432 et
214 3367 471 3432 adleuamentum
505 3368 660 3431 obsecrat.
700 3366 796 3448 apud
832 3386 887 3429 me
925 3365 1029 3448 iuquit
1064 3364 1183 3431 oratio
1224 3367 1333 3434 deora

147 3473 251 3538 uitae
280 3493 395 3549 ursam
426 3473 546 3540 dicam
575 3472 655 3537 deo:
686 3477 886 3554 susceptor
914 3492 1017 3536 niens
1042 3491 1090 3536 es.
1115 3472 1193 3537 bene
1218 3475 1290 3537 nota

242 3734 528 3788 1Psal1u.xxxxls
575 3733 772 3787 elocutor
819 3733 1109 3787 retransmeant
1161 3732 1290 3787 thsalrn.

148 3822 280 3877 XXXV?
327 3826 360 3877 12
380 3824 430 3877 Sir.
450 3824 586 3892 39,6ltl)
639 3823 670 3875 ‘21
692 3822 862 3880 asaiaco
919 3822 1290 3890 aursannnnttmnsq.

184 4001 201 4054 4
221 3999 386 4052 arcessiobat
405 3999 431 4051 B
451 3998 616 4052 accersiebat
635 3997 698 4050 DF*
719 3997 872 4051 circinatum
894 4000 917 4049 C
970 3999 985 4048 tr
1005 3997 1115 4050 scrutinis
1134 3996 1216 4066 plena
1228 3996 1291 4050 DF

150 4091 166 4143 6
184 4089 351 4141 necessarias
366 4089 393 4140 P
410 4087 576 4141 necessarius
590 4086 681 4139 BDP¹
736 4094 752 4137 tt
773 4086 904 4156 abpsbsus
920 4086 946 4138 P
964 4085 990 4151 pb
1011 4086 1059 4138 olt.
1075 4085 1156 4152 erus.)
1230 4083 1292 4138 audi

150 4176 233 4230 dauid
252 4176 385 4230 dicentem
405 4177 432 4229 B
507 4176 538 4228 13
558 4175 703 4227 laetiorum
722 4175 777 4228 PG
849 4178 880 4228 15
906 4174 1050 4227 renuentium
1071 4174 1097 4225 B
1117 4174 1159 4237 (in
1178 4191 1229 4242 sap.
1247 4176 1293 4226 m?

149 4266 295 4334 refugium)
398 4268 429 4317 lli
459 4264 625 4318 elcrrationes
645 4274 685 4327 los
705 4281 737 4317 er
756 4265 790 4333 is)
809 4265 959 4317 m21'aul
978 4264 1006 4317 D
1108 4263 1292 4316 roceperint

149 4353 177 4405 P
195 4366 274 4419 (corr.
293 4357 351 4416 rrrt’)
371 4352 434 4406 DP‘
495 4353 526 4405 21
548 4352 592 4405 lux
611 4352 650 4405 cd.
671 4352 749 4406 Item.
771 4359 838 4423 lectu
858 4353 954 4405 LXX}
975 4353 1016 4405 lex
1036 4352 1100 4403 libri
1161 4351 1196 4404 22
1215 4352 1292 4405 inuo-

151 4441 237 4494 ccntis
257 4440 316 4492 PP⁴
336 4445 360 4492 el
381 4456 424 4491 ren
444 4454 525 4499 cros.)
545 4439 602 4491 Bi)
674 4440 799 4492 tornaturas
819 4440 882 4492 IlP'
939 4440 974 4492 ‘23
994 4439 1129 4492 desideret
1148 4439 1174 4491 P
1193 4443 1220 4503 (a
1237 4455 1259 4492 s.
1280 4460 1292 4490 c

151 4536 221 4597 tert.)
242 4527 378 4581 ‹lesidcrat
401 4528 423 4580 C
500 4527 595 4581 tendat
614 4528 641 4580 B
705 4530 737 4581 21
759 4529 872 4581 arcersit
891 4529 924 4580 P'
946 4533 969 4591 (r
984 4544 1029 4595 pr.
1049 4544 1069 4581 s.
1089 4544 1129 4594 aa.)
1149 4529 1247 4580 nuersit
1265 4527 1294 4580 1)
