2804 5168
176 703 241 767 274
648 695 842 751 Ambrosii

175 912 238 958 nou
259 891 406 957 inmerito
429 891 535 966 flebat,
560 890 707 973 quoniam
730 892 911 953 uersaretur
928 888 960 952 in
979 888 1081 965 terris,
1101 888 1153 953 cui
1172 889 1322 956 caelestia

174 997 376 1065 tabernacula
413 997 600 1062 deberentur
636 1001 668 1061 et
704 1016 798 1077 quem
837 996 927 1060 aulae
963 995 1104 1076 potentis
1142 1001 1323 1079 expectaret

173 1105 333 1170 introitus.
358 1104 492 1187 denique
515 1103 603 1168 illam
628 1102 729 1168 solam
753 1102 899 1167 omnibus
923 1102 1011 1185 regni
1031 1103 1081 1167 aui
1101 1102 1216 1184 opibus
1235 1124 1322 1187 prae·

174 1212 305 1291 ferebat,
325 1211 498 1294 sicutipse
515 1209 706 1274 testificatus
726 1212 777 1273 cst
799 1209 874 1272 alibi
899 1208 1025 1273 dicens:
1050 1229 1165 1275 unam
1187 1212 1322 1295 petini

176 1339 195 1383 o
227 1318 397 1394 domino,
430 1317 528 1381 hanc
562 1315 775 1397 requiram,
809 1316 852 1377 ut
884 1314 1108 1380 inhabitem
1139 1318 1178 1382 in
1208 1318 1320 1385 domo
1353 1339 1366 1380 e

176 1425 329 1491 domini
372 1441 506 1488 omnes
548 1422 635 1486 dies
677 1420 789 1486 uitae
836 1439 943 1487 meae
989 1428 1027 1486 et
1072 1427 1116 1487 ut
1161 1425 1321 1490 uideam
1381 1437 1400 1492 E

177 1530 499 1597 delectationem
525 1528 685 1594 domiui.
710 1528 877 1592 delectatio
902 1528 1022 1593 domini
1045 1530 1077 1594 in
1102 1530 1238 1596 ecclesia
1262 1540 1320 1597 est.

177 1639 313 1704 ecclesia
336 1640 387 1702 eet
409 1638 514 1721 imago
539 1635 743 1711 coelestium
769 1635 883 1699 etenim
908 1640 1078 1719 postquam
1100 1637 1214 1702 umbra
1235 1658 1322 1723 prae-

176 1744 274 1823 teriit,
307 1742 412 1828 imago
441 1743 608 1807 successit.
637 1742 749 1805 umbra
777 1760 940 1825 synagoga
968 1744 1035 1806 est:
1063 1742 1095 1806 in
1123 1743 1237 1808 umbra
1263 1746 1323 1817 lex,

177 1853 208 1916 in
233 1850 398 1934 euangelio
422 1849 552 1913 ueritas.
577 1848 648 1912 ideo
672 1848 703 1912 in
729 1847 886 1931 euangelii
909 1848 1028 1912 lumine
1052 1850 1197 1914 ueritatis
1217 1851 1323 1936 imago
1343 1876 1366 1913 ιο

177 1956 366 2041 resplendet.
404 1956 500 2020 flebat
535 1954 635 2039 igitur
670 1956 824 2037 propheta
860 1955 934 2036 quia
971 1955 1196 2021 differebantur
1231 1958 1324 2042 plena

177 2063 280 2149 gratia
301 2063 382 2129 bona
401 2067 433 2128 et
454 2061 568 2127 referta
590 2061 742 2126 laetitiae.

88 2178 176 2261 3,10
223 2170 366 2253 Denique
382 2174 414 2234 et
426 2169 458 2234 in
473 2168 702 2252 posterioribus
720 2167 816 2233 dicit:
831 2169 907 2233 heu
922 2188 978 2233 me
993 2170 1098 2251 quod
1111 2170 1323 2236 incolatus

179 2295 288 2342 meus
321 2276 591 2360 prolongatus
625 2278 702 2339 est!
737 2277 769 2338 et
799 2273 870 2339 ideo
899 2274 1123 2356 interpellabat
1150 2274 1323 2349 dominum,

179 2384 255 2466 quia
287 2383 325 2447 ad
357 2383 487 2447 meliora
518 2381 715 2465 properabat.
748 2380 780 2444 in
812 2380 892 2462 ipsis
920 2384 1027 2444 tamen
1055 2379 1323 2446 adflictationibus
1343 2407 1367 2447 re

179 2489 300 2555 saeculi
331 2508 446 2572 magna
478 2491 545 2553 erat
577 2488 749 2553 consolatio
778 2487 1001 2571 praesentium,
1031 2506 1104 2569 spes
1131 2486 1323 2552 futurorum.

180 2597 251 2679 quis
280 2596 361 2660 enim
391 2616 451 2661 uon
475 2596 610 2679 erigeret
632 2595 784 2671 animum,
809 2594 863 2677 qui
886 2597 996 2675 posset
1019 2611 1144 2675 sperare
1167 2592 1199 2656 in
1223 2595 1324 2659 taber·

180 2703 293 2768 naculo
327 2702 457 2767 caelesti
488 2703 582 2766 beata
613 2701 669 2764 illa
696 2701 757 2766 sibi
785 2700 943 2766 consortio
969 2700 1146 2764 reseruari?
1170 2701 1227 2765 sed
1252 2702 1325 2783 quia
1364 2706 1400 2763 641

179 2810 320 2874 infiunne
349 2808 523 2874 condicioni
551 2808 736 2890 plerumque
763 2809 871 2871 futura
898 2807 1002 2871 taedio
1032 2812 1118 2885 sunt,
1146 2810 1325 2890 praesentia

181 2916 349 2995 uexatioui,
387 2916 457 2980 ideo
495 2922 527 2979 et
564 2914 664 2979 sancti
702 2916 872 2997 prophetae
908 2913 1148 2996 insurgentibus
1187 2916 1367 2999 corporisne

117 3032 156 3097 11
181 3022 332 3088 fluctibus
371 3023 474 3087 anima
510 3023 707 3087 turbabatur.
740 3022 812 3085 nolo
845 3022 927 3085 enim
961 3021 1083 3085 mireris
1116 3022 1145 3086 si
1175 3024 1327 3105 propheta

182 3129 319 3195 animam
344 3149 434 3193 suam
458 3128 536 3194 dicit
560 3149 630 3194 esse
650 3129 849 3212 exagitatam
869 3147 942 3192 cum
962 3128 1074 3192 dixerit
1090 3128 1160 3210 ipse
1179 3128 1326 3195 dominus

181 3238 292 3302 Iesus:
321 3255 421 3300 nunc
449 3235 580 3300 anima
604 3256 687 3300 mea
711 3236 877 3300 turbata
903 3239 974 3298 est.
1000 3236 1054 3317 qui
1078 3235 1162 3300 enim
1186 3236 1327 3319 suscepit

182 3346 307 3407 nostres
329 3341 528 3405 infirmitates
552 3347 695 3404 nostrum
720 3360 845 3423 (proque
870 3341 1012 3424 suscepit
1035 3342 1195 3419 affectum,
1214 3342 1247 3406 iu
1266 3361 1326 3425 quo

272 3568 407 3621 dPsalm.
426 3565 548 3620 xxvia
669 3567 786 3621 11111111,
808 3567 848 3625 10,
871 3570 882 3621 l
905 3566 960 3622 Col.
982 3569 1005 3629 2,
1029 3569 1060 3622 ll
1177 3569 1209 3622 13
1227 3568 1325 3622 Psalm.

184 3656 312 3713 cxviiii
331 3661 347 3710 5
403 3656 513 3710 231111.
536 3656 578 3717 12,
598 3657 631 3709 21

223 3819 235 3871 1
257 3817 396 3887 quoniam]
416 3816 550 3886 quomodo
570 3815 633 3869 ΒΡ
715 3822 869 3871 uersaretur
888 3819 969 3886 1)(11
988 3835 1009 3871 s.
1029 3822 1068 3872 111
1132 3819 1148 3871 3
1169 3819 1210 3871 sui
1229 3836 1280 3873 om.
1300 3818 1328 3872 D

221 3907 317 3977 opibus
336 3906 363 3959 Β
382 3905 507 3974 operibus
528 3910 576 3958 cet.
667 3907 683 3958 4
702 3907 770 3975 petii
789 3906 851 3958 BP‘
942 3909 958 3959 6
980 3907 1105 3960 omnibus
1125 3906 1220 3961 dicbus
1238 3907 1327 3961 BDP‘

186 3998 201 4049 ἵ
221 3996 391 4048 uoluntatem
409 3994 473 4065 (dcl.
492 3999 535 4047 ml
553 3998 578 4047 et
597 4010 618 4047 s.
638 4009 688 4047 scr.
709 3994 927 4059 delectationem)
948 3996 975 4047 Β
1047 3994 1160 4065 domini]
1179 3997 1250 4049 enim
1265 3996 1328 4050 DP‘

186 4089 202 4138 a
222 4085 351 4147 suscessit
368 4084 397 4136 P
414 4085 438 4149 (c
456 4099 478 4136 a.
498 4087 521 4147 s)
596 4084 728 4152 sinagoga
745 4084 799 4136 ΡΒ
855 4086 885 4138 11
908 4084 1063 4153 resplendet
1081 4085 1109 4138 P
1126 4086 1166 4156 (ct
1184 4102 1217 4138 cc
1235 4087 1268 4145 itt
1287 4102 1327 4138 re·

185 4173 275 4242 fulget
293 4174 321 4226 Β
402 4169 601 4225 deserebantur
619 4172 647 4224 P
710 4173 742 4224 12
762 4175 866 4242 gratiae
884 4173 940 4226 BC
1018 4174 1088 4226 ferta
1108 4174 1148 4239 (in
1167 4173 1329 4243 1119111211

186 4264 296 4327 referta)
317 4262 344 4315 B
420 4262 527 4314 laetitia
545 4262 609 4315 DP‘
676 4263 708 4315 13
729 4262 801 4331 quod
819 4263 872 4316 ΡΟ
889 4263 949 4332 quia
971 4269 1018 4317 eet.
1085 4263 1328 4317 restrictionibus

185 4353 247 4405 ΒΡ*
313 4354 345 4405 17
366 4353 455 4405 anima
473 4352 501 4404 Β
582 4353 668 4421 possit
686 4352 777 4405 PDP‘
843 4353 874 4406 18
893 4370 1030 4406 reseruare
1049 4353 1139 4406 PDP‘
1202 4355 1234 4407 19
1253 4369 1328 4422 prae·

100 4465 103 4471 ¹
187 4443 258 4494 senti
277 4442 305 4493 Β
359 4441 914 4510 201111111111”(111111.)11111111111
934 4441 1328 4512 Buerutiorilinmpuene-

187 4530 297 4594 rationi)
313 4530 342 4583 D
397 4531 431 4583 22
452 4546 526 4582 suoru
545 4548 596 4584 our.
611 4530 638 4583 Β
658 4532 698 4594 (ire
719 4549 770 4600 rap.
785 4534 832 4584 1112
851 4533 877 4584 al
898 4533 1014 4585 arrirunrn
1034 4535 1120 4587 suarnl
1177 4532 1210 4586 23
1231 4533 1290 4602 quis
1304 4532 1330 4585 Β

190 4622 213 4682 (s
232 4622 313 4684 eros.)
388 4618 500 4687 suscipit
520 4619 547 4671 P
565 4621 643 4685 (corr.
664 4623 721 4683 11121
742 4620 768 4671 Β
823 4621 857 4673 24
875 4620 1047 4673 infirmitates
1067 4623 1173 4673 nostrus
1193 4619 1219 4672 Β
