2804 5168
405 339 445 392 De
464 338 550 392 Tabia
569 338 610 401 18,
630 339 672 393 60.
692 340 724 394 61
765 339 788 403 (1
807 340 856 393 611
877 339 990 394 Ε-612
1010 339 1050 409 C).
1229 344 1293 406 555

147 535 307 616 pauperis,
337 553 396 600 non
427 534 547 599 diutius
576 555 648 599 eum
678 537 842 619 desperare
871 536 987 615 fecisti,
1015 556 1075 601 non
1104 555 1226 600 uacuus
1255 535 1293 599 ad

149 643 305 724 templum
344 640 514 706 ascendisti
553 641 676 707 dicens:
714 648 923 726 argentum
961 647 999 708 et
1041 664 1177 708 aurum
1220 663 1293 708 non

148 747 285 812 babeo.
314 767 373 812 non
398 748 445 811 iili
471 747 531 811 soli
555 747 656 830 plenis
681 748 828 813 manibus
853 749 1027 814 ascendunt
1050 750 1104 832 qui
1128 770 1238 814 aurum
1264 754 1296 814 et

150 858 317 939 argentum
341 854 472 918 babent:
497 854 638 918 ascendit
662 860 692 920 et
715 874 835 939 pauper
857 875 917 920 non
941 876 1073 932 uacuus,
1099 857 1241 922 ascendit
1264 862 1296 922 et

121 964 204 1027 cille
229 981 289 1026 non
314 981 446 1039 uacuus,
471 962 546 1043 quia
569 981 679 1026 aurum
706 967 739 1027 et
762 966 927 1048 argentum
951 983 1010 1027 non
1036 963 1158 1028 hebuit.
1190 964 1296 1029 audia-

152 1088 223 1134 mus
244 1068 319 1151 quid
339 1068 393 1133 det
410 1070 471 1134 iste
492 1088 620 1152 pauper.
641 1070 710 1134 sed
733 1070 836 1152 quod
860 1070 984 1135 habeo
1009 1071 1113 1153 inquit
1136 1072 1181 1136 dc
1205 1071 1293 1136 tibi.
1316 1081 1340 1135 B

152 1177 190 1239 in
215 1176 373 1241 nomine
397 1177 490 1240 Iesu
515 1176 711 1241 Nazaraei
735 1196 855 1262 surge
875 1183 914 1242 et
932 1178 1102 1242 ambula.
1124 1198 1140 1242 ο
1162 1179 1297 1262 aptanda

152 1287 333 1366 paupertas,
359 1282 495 1349 editior
528 1283 648 1366 inopia!
686 1285 886 1350 claudicabat
922 1285 972 1349 cui
1011 1285 1127 1349 diuites
1166 1285 1295 1352 dabant:

153 1409 235 1454 unus
272 1407 393 1472 pauper
430 1389 527 1467 dedit,
562 1395 594 1454 et
626 1390 734 1455 statim
767 1390 821 1473 qui
855 1392 988 1456 claudus
1022 1396 1087 1455 arat
1120 1411 1215 1456 sanus
1249 1394 1299 1456 est

111 1497 266 1565 rotantur.

63 1607 105 1670 61
198 1604 304 1668 Habet
326 1621 401 1687 ergo
425 1604 531 1668 iustus
556 1605 641 1687 qnod
664 1604 814 1682 faeneret,
840 1603 992 1669 habetet
1021 1609 1186 1690 argentum
1215 1604 1298 1687 quod

152 1712 305 1774 faeneret:
343 1729 504 1776 sermones
542 1731 618 1777 suos
655 1712 803 1776 faenerat.
831 1712 892 1776 boc
925 1716 975 1776 est
1005 1712 1083 1776 iusti
1117 1717 1297 1797 argentum

156 1817 307 1900 eloquia
339 1817 422 1881 euim
456 1818 599 1881 domini
637 1818 788 1901 eloquia
825 1822 940 1896 casta,
979 1822 1174 1903 argentum
1212 1820 1299 1903 igne

156 1923 415 2001 examinatum,
435 1924 633 2007 probatum
653 1929 784 2000 terrae,
805 1929 1007 2009 purgatum
1028 1926 1217 2008 septuplo.
1239 1925 1298 1989 boc

113 2059 137 2095 u
155 2030 294 2094 faenerat
323 2031 377 2112 qui
404 2031 509 2113 legem
538 2031 664 2113 accipit.
693 2031 746 2113 qni
775 2031 880 2116 legem
908 2032 1088 2108 meditatur,
1117 2032 1173 2114 qui
1195 2033 1298 2114 legem
1324 2031 1345 2086 C

157 2140 291 2202 exercet:
315 2138 374 2201 hoc
397 2137 571 2203 faeneranit
592 2138 717 2214 Petrus,
741 2138 801 2202 hec
825 2137 999 2202 faenerauit
1021 2138 1151 2202 Paulus.
1183 2138 1299 2220 qrribus

158 2243 283 2321 dieitur,
307 2246 344 2307 ut
367 2244 405 2307 ad
429 2244 516 2309 uiros
540 2244 703 2308 nationum
727 2248 902 2328 pergerent,
929 2244 1024 2308 Petro
1053 2245 1091 2308 ad
1121 2244 1300 2310 Cornelium

158 2351 382 2426 centurionem,
417 2351 468 2415 cui
497 2350 626 2414 dicitur:
661 2369 772 2434 surge
801 2355 837 2414 et
865 2350 958 2414 uade
987 2350 1081 2414 nihil
1110 2351 1299 2428 dubitare,

158 2457 332 2541 quoniam
358 2476 424 2541 ego
449 2457 536 2521 misi
560 2457 661 2522 illos.
686 2461 718 2522 et
742 2457 877 2521 surrexit
900 2460 932 2520 et
955 2456 1025 2521 init.
1050 2460 1083 2521 et
1104 2457 1185 2522 infra
1208 2457 1300 2522 dizit:

111 2592 138 2629 ao
158 2563 338 2647 numquid
371 2582 501 2646 aquam
531 2569 661 2629 uetare
690 2582 902 2647 possumus,
931 2583 973 2627 nc
997 2564 1240 2647 baptizentur
1264 2564 1300 2627 bi

157 2672 220 2754 qui
240 2671 417 2753 spiritum
437 2672 608 2735 sanctum
628 2674 877 2753 acceperunt?
892 2671 1085 2754 iussitque
1105 2689 1168 2736 ecs
1183 2671 1301 2754 bapti-

157 2780 244 2852 zari,
268 2779 328 2843 hoc
353 2779 415 2842 est:
448 2778 664 2843 faenerabis
697 2778 888 2862 gentibus,
921 2783 959 2842 ut
989 2786 1121 2859 peccata
1148 2778 1301 2856 dimittas,

158 2885 264 2949 debita
287 2885 421 2956 auferas,
446 2889 485 2947 tn
511 2889 633 2949 autem
659 2904 727 2950 non
756 2884 1005 2962 mutuaberis;
1030 2889 1196 2950 mutuatur
1218 2885 1302 2949 enim

248 3127 425 3188 samaa
518 3128 550 3181 13
570 3128 669 3180 Psairn.
690 3127 761 3180 XI?
862 3129 894 3181 18
913 3127 973 3182 Act.
995 3129 1035 3189 10,
1056 3129 1090 3182 20
1189 3128 1223 3181 ab
1241 3128 1302 3181 Act.

160 3216 353 3275 mssmffi

195 3343 303 3410 lemn]
322 3341 393 3394 eninr
416 3341 441 3393 Τ
513 3357 615 3395 uacuus
635 3341 736 3394 ozn.V
797 3341 974 3395 tascindisti
992 3341 1020 3394 P
1073 3341 1159 3395 3soli
1178 3357 1229 3395 oriz.
1249 3340 1307 3393 BT

158 3433 174 3485 5
194 3432 240 3500 qui
259 3431 316 3484 BT
333 3430 404 3499 quod
426 3430 450 3483 C
518 3429 617 3484 habuit
634 3429 688 3484 ΡΟ
703 3430 787 3484 habet
806 3435 853 3484 cet.
910 3431 924 3483 7
946 3431 1051 3484 nazarci
1072 3431 1097 3481 P
1113 3430 1237 3484 nazareni
1256 3435 1303 3483 cet.

159 3524 175 3575 9
195 3520 272 3574 dedit
290 3520 329 3586 (di
348 3521 465 3587 inrue.)
484 3521 518 3573 P
538 3520 620 3574 debet
637 3521 667 3574 D
757 3521 863 3574 clausus
882 3520 910 3573 P
1011 3520 1099 3573 factus
1119 3523 1160 3572 eat
1179 3536 1259 3572 sanus
1277 3518 1305 3570 Β

159 3628 240 3665 sanus
260 3611 347 3664 iactus
367 3609 490 3664 enarro
544 3610 573 3663 11
596 3608 678 3678 quodi
699 3625 751 3678 quc
771 3608 855 3661 PBT
925 3607 1030 3662 fenerat
1047 3609 1111 3662 DF
1175 3608 1304 3662 habet...

158 3702 349 3754 faeneratum.
371 3699 394 3751 (ἲ
465 3698 548 3767 quod}
569 3715 621 3767 quo
640 3697 697 3751 BT
760 3698 793 3752 12
812 3698 917 3752 fenerat
934 3696 1000 3750 DP‘
1055 3697 1089 3751 14
1108 3695 1232 3766 septuplo
1251 3695 1308 3749 ΡΤ

159 3790 313 3859 septuplum
337 3795 383 3842 eet.
478 3788 509 3840 15
534 3787 639 3855 accepit
661 3786 725 3839 DF
818 3787 850 3839 16
874 3785 974 3839 exercit
992 3785 1020 3837 P
1079 3785 1110 3838 17
1130 3788 1223 3853 petrus
1241 3783 1305 3837 ΒΡ

162 3879 194 3932 18
214 3881 242 3932 et
259 3892 280 3930 a.
300 3894 326 3930 u.
352 3876 384 3940 V,
403 3892 454 3930 ona
473 3876 531 3928 BT
639 3876 671 3928 19
690 3875 743 3928 ibit
761 3875 789 3927 P
895 3875 929 3928 20
953 3872 1074 3941 nunquid
1099 3872 1188 3942 aqua?
1212 3877 1306 3926 uetare

160 3985 268 4038 posu-e
280 3971 311 4020 ut
330 3967 502 4036 baptizentur
520 3969 584 4030 (um.
603 3965 642 4021 hii
657 3965 685 4017 Β
774 3963 815 4017 hii
835 3960 952 4017 VDP‘U
1057 3962 1089 4015 21
1111 3963 1268 4032 acciperunt
1280 3961 1309 4014 P

197 4056 327 4125 baptimo
346 4055 398 4108 hoc
417 4058 459 4108 est
477 4055 504 4106 B
558 4054 592 4106 22
612 4052 740 4121 gentibus
759 4068 811 4107 οιιι,
831 4051 888 4104 ΒΤ
936 4057 1002 4119 poet
1022 4049 1144 4103 dimittas
1164 4050 1229 4103 add.
1249 4049 1306 4102 foe·

161 4146 311 4200 acrabisB
347 4146 381 4199 23
401 4142 568 4197 mutuaberis
588 4142 614 4195 P
631 4141 798 4195 mutuaberis
817 4140 845 4210 (n
867 4140 915 4195 att.
934 4156 955 4194 a.
975 4157 1002 4192 u.
1022 4139 1123 4205 nr2)V
1199 4142 1306 4191 rnutua-

161 4235 236 4298 bitur
255 4236 324 4289 enim
345 4235 425 4303 (enim
445 4250 465 4286 a.
485 4240 524 4297 u.)
552 4232 574 4283 V
646 4230 812 4285 mutuabitur
831 4230 866 4282 P‘
