2804 5168
209 305 250 357 De
265 304 483 374 interpellatione
494 305 542 358 lob
559 312 586 359 et
597 307 686 360 Dauid
696 307 709 361 Ι
718 310 745 363 4.
755 311 780 371 5,
792 308 896 363 10-12
916 309 941 374 (1
950 308 1004 363 628
1013 308 1125 363 F-630
1133 309 1177 376 A).
1215 314 1281 376 217

137 501 260 564 fortis
286 506 323 565 et
347 521 525 585 magnus.
551 503 641 583 quis
664 507 743 567 tarn
768 503 902 582 durus,
926 508 970 569 ut
993 505 1031 568 in
1056 511 1281 588 conspectu

139 607 226 671 eius
262 608 397 689 possit
426 609 687 674 subsistere?
718 610 785 691 qui
812 610 918 674 tacit
945 616 1100 676 rnontes
1128 612 1282 678 inuete-

139 734 311 789 rescere,
336 720 374 778 et
398 717 600 789 nesciunt,
625 720 665 781 ot
688 717 845 781 auertit
868 736 935 782 eos
959 718 1189 784 iracundia:
1214 721 1280 802 qui

139 826 366 886 cornnrouet
412 823 545 887 orbem
592 828 792 889 terrarum
837 843 856 887 a
901 823 1199 903 fondamentis,
1242 830 1283 889 et

106 929 348 991 seolnrnnao
387 931 475 993 eins
514 934 742 995 mouentur:
777 930 846 1011 qui
878 930 982 994 dicit
1014 933 1104 1008 soli,
1134 937 1173 995 et
1206 951 1279 997 non

139 1036 280 1110 oritur,
319 1036 517 1100 aduersus
566 1037 703 1101 nidera
748 1041 879 1101 autern
928 1037 1164 1122 consignat:
1212 1039 1279 1121 qui

139 1143 326 1206 extendit
359 1143 514 1207 caeluni
550 1144 664 1208 solus
693 1147 731 1208 et
759 1144 940 1207 ambulat
966 1144 1078 1208 siout
1105 1145 1142 1208 in
1172 1146 1280 1227 paui·

138 1254 269 1313 rnento
289 1269 412 1332 supra
431 1270 553 1313 mare:
574 1251 640 1332 qni
659 1250 762 1314 facit
786 1249 981 1333 uirgilias
1007 1254 1280 1334 etuesperum
1308 1255 1337 1308 Ι)

138 1360 179 1420 et
202 1357 530 1437 septentrionem
555 1366 593 1420 et
617 1357 749 1421 austri
772 1357 1069 1421 ministerium:
1094 1357 1162 1438 qui
1180 1357 1282 1422 facit

94 1481 119 1519 ιο
138 1481 278 1546 inagna
324 1466 363 1527 ct
403 1463 738 1546 inuestigabilia‚
781 1464 966 1547 gloriosa
1007 1468 1046 1527 et
1086 1463 1312 1543 inmensa„

138 1590 305 1652 quorum
334 1589 408 1634 non
438 1575 501 1633 est
531 1590 731 1634 numerus.
761 1571 794 1635 si
822 1569 1091 1652 praeterierit
1115 1589 1182 1648 me,
1207 1591 1280 1635 non

138 1677 1279 1770 uideboetsipraetergressusnrefueritnecoiosciam.

138 1789 254 1864 qrrnnto
280 1784 514 1849 uehementiore
538 1785 616 1849 tuba
637 1785 700 1848 iste
724 1784 882 1866 increpuit
904 1784 941 1847 de
961 1783 1081 1848 domini
1098 1788 1281 1866 potestate?

138 1889 194 1953 sed
222 1891 252 1953 in
283 1910 318 1953 ea
342 1892 499 1955 iustorum
524 1891 685 1967 uiridium,
710 1909 772 1955 non
794 1890 885 1953 ruina
909 1893 967 1954 est.
993 1890 1128 1972 donique
1152 1890 1281 1955 uidetur

93 2020 117 2057 rs
138 1996 268 2077 exprimi
301 1998 453 2078 potentia,
488 1998 544 2061 sed
576 1999 679 2081 magis
713 1996 939 2078 redemptionis
973 1999 1098 2060 nostrae
1131 1997 1281 2080 mysterio

137 2102 345 2165 declarantur.
1051 2176 1052 2180 Ἰ

47 2213 88 2276 12
182 2206 242 2286 Qui
268 2215 342 2273 sunt
366 2209 449 2273 eninr
468 2213 593 2273 rnontes
613 2229 693 2291 quos
713 2209 944 2274 inueteresoere
964 2209 1041 2275 fecit
1058 2210 1120 2273 nisi
1139 2209 1278 2291 Moyses.
1305 2214 1363 2270 EF

135 2315 248 2387 Aaron,
285 2316 371 2379 lesus
404 2315 505 2394 Naue,
540 2316 678 2392 Gedeon‚
702 2316 885 2399 prophetae,
918 2335 1028 2380 omnes
1060 2316 1133 2379 libri
1161 2316 1279 2384 ueteris

134 2422 342 2486 testamenti?
366 2422 456 2487 uenit
472 2424 564 2487 Iesus
585 2423 750 2488 dominus:
770 2443 890 2487 nouum
909 2423 1025 2489 detulit
1042 2425 1279 2487 testamentum.

89 2554 115 2592 20
135 2531 167 2591 et
190 2528 270 2592 illud
290 2530 374 2611 qnod
393 2536 460 2594 erat
479 2534 572 2594 octus
592 2531 712 2595 facturn
732 2534 791 2596 est.
810 2530 981 2595 innonatus
1001 2533 1051 2594 est
1070 2529 1279 2595 Christianus.

135 2635 327 2699 inueterauit
353 2637 511 2701 Iudaeus:
541 2641 690 2701 renouata
718 2641 767 2702 est
795 2637 907 2720 gratia,
937 2637 1132 2701 inueterauit
1162 2636 1278 2699 littera.

135 2743 252 2806 euertit
266 2746 390 2806 montes
407 2747 440 2807 et
459 2744 625 2810 conuertit.
646 2745 762 2808 euertit
781 2744 863 2807 eninr
885 2747 918 2807 et
936 2743 1063 2808 subruit
1079 2743 1279 2807 intellectum

135 2850 310 2914 secundunr
334 2849 474 2913 litteram
499 2855 532 2914 et
555 2850 670 2915 statuit
692 2850 942 2934 intellegentiam
972 2850 1158 2933 spiritalem.
1188 2848 1279 2913 intel·

133 2956 236 3020 lectus
270 2975 342 3039 ergo
376 2957 456 3040 legis
490 2957 543 3020 ille
577 2958 710 3022 carnalis
744 2957 891 3021 euanuit:
924 2957 1008 3020 facta
1036 2960 1086 3021 est
1113 2955 1278 3038 spiritalis.

88 3085 115 3122 zo
135 3063 217 3126 unde
242 3063 406 3145 apostolus
432 3065 494 3130 ait:
520 3065 671 3128 sciurus
696 3067 829 3128 autern
853 3064 947 3145 quia
974 3064 1036 3127 lex
1065 3062 1379 3146 spiritalisoaon

135 3174 207 3241 est,
238 3189 309 3252 ego
339 3174 470 3235 autern
501 3171 678 3235 carnalis
707 3190 803 3235 suni.
832 3169 888 3234 sed
912 3173 944 3234 et
968 3170 1036 3252 ipse
1060 3171 1114 3252 qni
1143 3170 1277 3233 carnalis

134 3281 201 3340 erat
229 3277 332 3341 factus
361 3284 412 3340 est
439 3278 602 3359 spiritalis,
632 3278 812 3360 sicutipse
846 3279 983 3341 asseruit
1011 3278 1138 3341 dicens:
1178 3282 1276 3358 pnto

224 3468 451 3523 2111011114
507 3468 653 3524 tricor.
673 3471 697 3532 7,
717 3470 752 3523 40

169 3574 185 3625 2
204 3573 394 3626 inueteriscere
408 3573 435 3624 P
453 3573 648 3651 irrueterarcere
662 3573 756 3627 ΒΜ]
805 3576 821 3628 6
841 3578 931 3626 autern
950 3571 1039 3625 sidera
1052 3571 1143 3625 BDP
1189 3572 1279 3626 Suer-

133 3687 213 3755 giltas
232 3689 259 3741 Β
278 3689 388 3757 uigilias
410 3689 471 3741 ΒΡ·
491 3655 590 3757 dgilias
613 3690 636 3735 (¹
706 3691 721 3742 9
741 3689 962 3759 septemtrionem
983 3688 1043 3740 BP'
1118 3688 1150 3742 10
1169 3688 1277 3741 inuicti·

133 3777 236 3843 gauilio
255 3778 281 3829 P
353 3779 386 3830 12
406 3777 489 3829 luerit
507 3796 550 3830 rne
568 3778 597 3830 Β
670 3780 701 3831 15
721 3784 830 3831 nostrae
850 3795 901 3832 om.
921 3776 986 3830 1)1’'
1085 3777 1279 3829 misteriaPB

135 3866 165 3916 11
186 3865 376 3918 inueteriseere
396 3867 636 3919 Pinneterasccre
656 3867 746 3919 ΒΡ(1
851 3866 1027 3920 iacitBDP
1119 3865 1150 3917 18
1170 3882 1234 3918 aron
1253 3866 1281 3917 P

167 3968 288 4022 nroyses=
310 3955 466 4023 1111111111ζ
488 3973 568 4009 aaron
587 3956 652 4009 DP‘
772 3957 830 4008 iesu
851 3956 877 4008 Β
984 3955 1089 4026 profetp
1108 3955 1136 4008 P
1153 3958 1277 4022 (retorper)

135 4046 166 4097 19
187 4028 237 4096 dns
255 4028 302 4097 ilis
316 4044 406 4096 Bne-¹
471 4045 505 4098 ‘20
525 4045 627 4097 facturn
647 4049 689 4097 est
708 4061 805 4096 nouum
825 4044 916 4097 BDP¹
980 4045 1013 4096 22
1034 4043 1162 4112 etpr.B
1180 4047 1211 4095 ut
1230 4049 1276 4098 ccl.

132 4135 167 4186 24
195 4132 241 4185 ille
264 4133 333 4200 legis
357 4128 470 4189 DRA-
538 4134 612 4185 l'ncta
636 4134 661 4186 P
682 4132 724 4185 lex
747 4132 820 4185 sacta
843 4132 869 4184 Β
893 4138 920 4185 et
943 4131 1031 4184 tactus
1055 4132 1118 4186 DP'
1142 4135 1229 4185 lactus
1256 4134 1280 4181 t*

132 4224 166 4276 27
186 4222 286 4274 asernit
305 4222 331 4273 P
