2804 5168
164 747 228 812 214
634 742 830 796 Ambrosii

164 939 353 1003 delitiscere.
374 937 538 1002 considera
556 938 659 1013 illum,
680 938 717 1001 de
737 957 799 1019 quo
819 937 863 1000 ait
882 937 913 1001 in
932 937 1159 1002 Ecclesiastico
1180 937 1307 1003 Siraolr:

165 1045 291 1110 omnis
320 1045 433 1110 homo
462 1044 775 1130 transgrediens
803 1044 841 1109 in
874 1046 983 1109 lecto
1018 1064 1100 1121 suo,
1135 1048 1308 1109 contem-

164 1171 261 1217 nens
303 1156 341 1216 et
383 1151 522 1216 dicens
565 1153 602 1215 iu
646 1153 776 1216 anima
812 1171 901 1216 sua:
938 1151 1029 1234 quis
1072 1171 1129 1214 me
1166 1151 1309 1216 uidet?

164 1260 356 1325 tenebrae
378 1258 632 1324 circumdant
651 1279 708 1324 mc
732 1263 771 1323 et
789 1260 981 1342 parietes.
1003 1278 1118 1341 quem
1137 1262 1309 1322 uereor?

164 1386 265 1432 nonne
297 1365 358 1431 tibi
390 1366 517 1431 uidetur
548 1367 610 1430 iste
643 1386 717 1430 uere
751 1385 820 1430 esse
849 1366 1092 1439 mercennarius,
1122 1365 1177 1447 qui
1201 1413 1308 1428 .....
1342 1393 1354 1432 s

164 1473 344 1558 prodegerit
361 1479 399 1538 nt
416 1475 470 1539 ille
495 1472 681 1538 adulescens
705 1473 735 1536 in
755 1473 931 1557 euangelio,
952 1473 1006 1553 qui
1024 1472 1143 1556 legitur
1161 1475 1310 1555 acceptae

165 1599 183 1644 a
210 1583 298 1662 patre
329 1581 527 1646 substantiae
556 1579 733 1663 portionem
763 1628 871 1645 .....
898 1583 929 1643 11
958 1598 1053 1662 egens
1081 1582 1177 1660 atque
1205 1579 1309 1662 inops,
1373 1587 1393 1639 F

165 1706 227 1768 quo
251 1687 365 1751 famem
389 1689 521 1765 leuaret,
544 1705 674 1770 pascere
698 1705 810 1771 greges
834 1687 939 1769 coepit
958 1685 1087 1762 alienor,
1108 1690 1145 1749 ut
1165 1685 1310 1749 mercede

151 1772 329 1876 'sumptum
350 1799 506 1859 exerc-eret
525 1797 641 1858 suum?
663 1793 718 1858 sed
737 1794 790 1858 illc
810 1799 915 1857 tamen
935 1792 1103 1874 aliquando
1123 1811 1309 1863 conuersus.

166 1900 241 1983 quia
272 1901 406 1965 reuertit
437 1901 476 1965 ad
508 1906 630 1984 patrem
663 1905 695 1964 et
726 1904 857 1984 peccata
885 1919 944 1963 sua
971 1919 1032 1963 non
1062 1898 1225 1982 repressit,
1254 1899 1310 1964 sed
1331 1927 1357 1966 ro

166 2007 318 2091 prodidit:
343 2008 395 2073 hic
418 2011 525 2073 autem
549 2008 603 2090 qui
628 2028 662 2073 se
687 2008 847 2072 existimat
869 2008 907 2071 ab
933 2027 969 2071 eo
994 2007 1049 2088 qui
1072 2007 1179 2072 omnia
1201 2005 1311 2070 uideat

166 2134 226 2179 non
265 2114 366 2178 uideri
403 2118 435 2178 et
471 2115 609 2179 tenebris
646 2118 738 2196 putat
775 2115 946 2178 commissa
984 2133 1041 2178 sua
1077 2132 1172 2195 posse
1214 2113 1310 2176 celari

167 2221 311 2285 umbram
340 2221 527 2304 praetendit,
557 2221 612 2285 sed
640 2222 759 2286 frustra
785 2222 882 2285 latere
907 2240 940 2285 se
965 2220 1073 2295 credit,
1098 2239 1172 2285 curn
1197 2220 1310 2284 oculus

166 2327 284 2392 domini
320 2327 456 2393 lucidior
493 2331 560 2393 sole
594 2329 719 2393 occulta
751 2329 855 2393 omnia
888 2327 1111 2411 deprehendat,
1143 2326 1311 2391 tenebrosa
1358 2335 1398 2388 aar

165 2433 335 2499 inluminet
358 2438 390 2499 et
412 2435 518 2499 intimi
541 2436 643 2500 cordis
667 2438 811 2517 penetret
834 2436 1058 2500 conscientiam
1079 2439 1174 2516 atque
1193 2434 1225 2497 in
1246 2433 1312 2496 alta
1331 2461 1357 2498 rs

124 2617 127 2622 ¹
167 2545 199 2605 et
230 2542 386 2625 profunda
418 2542 598 2607 descendat.
632 2562 734 2606 uanus
763 2561 837 2625 ergo
867 2542 920 2623 qui
949 2546 1042 2624 putat
1069 2541 1210 2605 tenebris
1239 2558 1311 2604 esse

167 2665 201 2711 sa
225 2649 342 2723 tutum,
366 2665 439 2710 cum
457 2646 561 2712 lucem
582 2647 684 2711 uitare
703 2667 761 2711 non
782 2647 894 2729 possit,
915 2666 994 2729 qnae
1013 2647 1101 2711 lucet
1119 2647 1149 2710 in
1169 2647 1312 2713 tenebris

167 2756 199 2816 et
221 2753 368 2817 tenebrae
392 2772 460 2817 eam
485 2773 545 2818 non
570 2753 838 2836 conprehendunt.
863 2755 954 2835 quasi
974 2753 1132 2837 fugitiuus
1152 2754 1260 2835 itaque
1280 2758 1314 2818 et

167 2859 271 2922 malus
305 2859 538 2922 mercennarius
572 2859 816 2942 deprehenditur
843 2863 875 2923 et
903 2868 1071 2940 autequam
1104 2878 1138 2923 se
1170 2861 1314 2925 occultet

167 2965 359 3048 agnoscitur,
376 2966 449 3046 quia
469 2964 595 3029 domino
617 2965 721 3029 omnia
740 2971 909 3047 autequam
930 2972 1061 3047 quaerat
1084 2965 1212 3049 cognita
1236 2971 1313 3032 sunt
1332 2994 1359 3032 eo

124 3073 141 3135 7
167 3090 228 3135 non
252 3072 355 3136 solum
380 3072 577 3154 quaefacta,
602 3072 658 3136 sed
682 3071 777 3136 etiam
801 3091 880 3154 qnae
903 3072 1021 3137 lutura.
1047 3073 1128 3154 perit
1150 3073 1251 3156 igitur
1279 3073 1310 3136 in
1375 3082 1397 3134 B

168 3197 270 3242 uacua
293 3197 348 3260 spe
373 3179 428 3259 qui
450 3182 543 3261 putat
567 3178 650 3261 quod
674 3198 768 3243 suum
788 3180 904 3243 crimen
924 3179 1114 3244 abscondat:
1134 3179 1244 3243 fabula
1262 3184 1314 3244 est

167 3280 241 3362 ista,
270 3304 329 3349 nou
364 3285 492 3350 ueritas.
527 3285 660 3368 denique
695 3286 836 3349 fabula
867 3286 1125 3367 peccantium
1158 3284 1313 3365 odiosa,

257 3545 344 3599 asir.
364 3545 407 3609 23,
428 3545 461 3600 18
483 3546 528 3612 (25
548 3550 599 3615 eq.)
664 3547 679 3600 6
700 3546 763 3599 Luc.
784 3547 825 3602 15.
848 3545 879 3598 12
895 3563 952 3615 sqq.
1015 3546 1046 3599 13
1067 3546 1117 3600 Sir.
1137 3545 1180 3609 23,
1203 3547 1236 3600 19
1256 3547 1313 3615 128)

170 3635 201 3689 11
221 3634 352 3698 10h.1,5
402 3635 437 3689 23
453 3635 503 3689 Sir.
523 3636 566 3697 27,
587 3636 619 3689 13
640 3638 696 3702 (14)

207 3769 218 3820 1
240 3768 397 3822 delitescere
416 3770 444 3822 P
462 3774 487 3835 (e
508 3771 555 3823 ult.
576 3786 609 3823 err
627 3770 635 3822 i
654 3777 711 3837 aria)
732 3776 778 3825 111,
841 3769 1050 3825 ecclesiasticos:
1067 3769 1092 3821 P
1111 3773 1134 3834 (s
1153 3769 1218 3833 del.)
1274 3771 1313 3823 ira

167 3856 219 3909 PC
236 3857 322 3911 sirach
343 3859 369 3912 B
389 3859 432 3922 (ch
451 3875 472 3911 a.
492 3864 595 3914 111121
616 3877 690 3928 syrac
713 3859 739 3911 1)
758 3859 826 3911 sirac
846 3859 878 3911 P'
952 3859 968 3911 2
988 3862 1179 3926 contempnens
1198 3858 1315 3912 PDP‘H

168 3951 355 4016 contempsere
374 3948 401 4000 B
420 3949 443 4017 (t
462 3965 542 4010 erus,
563 3966 578 4000 u
598 3965 619 4002 s.
637 3950 706 4017 rus.)
761 3949 777 4001 3
798 3947 868 3999 uidit
887 3948 914 4000 Ρ
965 3950 982 4000 4
1002 3946 1171 4000 circumdant·
1189 3947 1216 3999 B
1236 3946 1313 4012 (dant

168 4051 200 4088 cr
220 4035 332 4102 dabunt)
405 4036 522 4105 parictcs
541 4037 569 4089 P
587 4040 626 4100 (es
645 4053 678 4089 ca·
696 4037 719 4088 is
738 4039 795 4091 1112)
862 4038 960 4089 auaro
979 4035 1062 4087 Par)
1081 4034 1202 4086 uirP⁴('
1272 4035 1311 4088 la·

168 4139 263 4177 cranam
281 4125 448 4192 significasti,
469 4141 518 4176 sua
538 4123 602 4178 cdd
623 4124 663 4176 erl.
678 4123 766 4185 lione,
781 4122 829 4176 aed
842 4124 929 4190 plara
950 4124 1080 4176 eccidisse
1092 4121 1232 4185 uidentur,
1241 4121 1310 4190 sori.

168 4212 230 4265 aliis
248 4212 362 4276 laboret,
382 4229 441 4266 cum
461 4229 509 4265 uua
571 4212 755 4282 liprodidcrit
775 4212 838 4265 DP⁴
912 4212 979 4264 utile
999 4210 1151 4263 aduliscens
1170 4211 1197 4263 P
1268 4227 1312 4264 ac·

168 4308 246 4372 cepte
264 4301 381 4355 PBDF
401 4304 536 4371 accepisse
554 4304 633 4354 uma
646 4304 677 4355 ia
692 4320 740 4371 rag.
763 4303 786 4350 (⁷
826 4304 840 4356 7
860 4303 983 4354 lacunam
1003 4300 1130 4353 indicaui
1165 4300 1181 4354 9
1202 4317 1311 4354 conuer-

168 4408 214 4444 sus
229 4394 270 4443 est
281 4390 307 4442 Β
320 4392 373 4459 (est
385 4407 406 4443 s.
418 4409 445 4445 u.
455 4393 512 4460 1112)
522 4391 586 4444 DP‘
641 4392 785 4444 reuertitur
795 4392 821 4443 B
836 4400 878 4458 rur
891 4407 912 4443 s.
927 4407 954 4443 a.
965 4393 1022 4459 aar)
1032 4389 1096 4441 DP'
1135 4390 1165 4442 ll
1183 4389 1277 4452 uideat
1287 4390 1312 4442 B

169 4479 354 4532 1111111111(ι
408 4481 440 4531 16
459 4480 486 4532 in
506 4479 625 4532 tencbris
646 4479 669 4530 t'
724 4481 754 4532 11
776 4496 803 4530 s:
824 4495 881 4531 esse
901 4479 935 4538 B,
952 4495 979 4531 se
1000 4496 1049 4530 crrr.
1068 4480 1090 4528 (¹
1161 4476 1315 4530 toturnPC

169 4568 202 4619 21
226 4567 296 4633 fori.
315 4565 389 4618 facta
412 4570 476 4619 sunt
583 4565 674 4621 futura
697 4572 760 4620 sunt
779 4567 843 4620 Dr
952 4568 1070 4636 repperit
1089 4566 1118 4619 D
1143 4574 1200 4635 (rep
1215 4571 1313 4634 postea

170 4654 247 4720 adel.)
268 4655 300 4707 P‘
356 4655 390 4708 23
415 4654 508 4708 odiosa
527 4655 553 4708 B
574 4656 768 4727 (προσόχθιεμα
787 4655 884 4718 LXX)
905 4656 992 4708 ociosa
1012 4662 1058 4709 ccl.
