2784 5228
133 700 196 762 138
603 696 802 750 Ambrosii

129 892 279 957 eolurmba
302 895 335 954 et
357 893 475 956 mansit
494 912 589 975 suuper·
607 911 689 956 eum
711 913 772 975 quo
793 894 989 978 significatur
1009 895 1093 977 quod
1111 896 1274 977 plenitudo

132 1000 264 1080 spiritus
294 999 395 1063 sancti
423 999 589 1063 indiuidua
617 1001 647 1062 in
672 1018 708 1064 eo
732 1001 830 1064 fuerit
853 1020 911 1066 neo
934 1003 1111 1068 recesserit.
1137 1003 1275 1068 undeet

130 1107 330 1191 euangelista
367 1106 412 1170 ait
449 1107 523 1188 quia
558 1107 704 1190 plenus
747 1108 900 1191 spiritu
944 1113 1084 1174 sancto
1128 1109 1274 1174 dominius

131 1215 247 1279 Iesus
271 1232 486 1297 regressus
512 1219 574 1278 est
592 1215 636 1278 ab
657 1214 836 1279 Iordane.
856 1214 936 1278 lauit
955 1235 1029 1298 ergo
1047 1216 1139 1280 lesus
1158 1217 1275 1281 stolam

72 1396 76 1402 ι
131 1340 233 1397 suain,
257 1341 318 1385 non
343 1326 380 1383 ut
403 1340 493 1385 suam
518 1339 599 1402 quiae
625 1340 683 1385 non
709 1325 784 1398 erat,
809 1321 864 1385 sed
890 1325 926 1385 ut
949 1325 1089 1386 nostram
1109 1341 1190 1404 quae
1209 1327 1277 1387 erat
1305 1344 1318 1383 s

130 1428 257 1492 sordem
285 1428 436 1491 ablueret..
467 1426 602 1508 denique
636 1427 775 1491 addidit:
809 1431 848 1491 et
870 1428 909 1492 iu
943 1429 1139 1511 sanguine
1174 1448 1275 1493 uuae

131 1532 416 1597 anaboladium
442 1551 566 1610 suum,
587 1532 647 1597 hoo
667 1533 765 1596 estin
786 1534 933 1616 passione
953 1535 1091 1617 eorporis
1111 1534 1161 1599 sui
1183 1535 1277 1599 diluit

130 1645 241 1724 gentos
271 1660 328 1705 suo
358 1639 520 1723 sanguiue.
551 1640 667 1704 etenim
696 1640 785 1704 uerbi
810 1641 1029 1706 anaboladium
1055 1645 1165 1725 gentes
1190 1646 1275 1718 sunt,

130 1748 215 1810 sieut
232 1747 466 1828 scriptumest:
483 1745 577 1809 uiuo
598 1765 681 1829 ego,
702 1745 806 1809 dieit
825 1745 1020 1825 dominus
1038 1748 1119 1812 nisi
1139 1768 1275 1814 omnes

131 1873 199 1918 eos
223 1853 383 1917 induam
409 1854 520 1916 siout
544 1853 837 1917 uestimentum
861 1857 893 1917 et
916 1854 1010 1917 alibi:
1032 1854 1142 1919 sieut
1161 1856 1275 1920 amic·
1294 1878 1318 1916 ιο

130 1964 211 2023 tum
242 1960 421 2025 mutabis
451 1979 528 2037 eos,
558 1963 597 2023 et
625 1961 903 2024 mutabuntur.
933 1980 992 2025 uon
1022 1981 1096 2045 ergo
1121 1963 1274 2046 sanguine

129 2067 254 2149 proprio
279 2086 338 2131 sua
360 2070 491 2149 peecata
514 2087 593 2148 quae
617 2085 678 2131 uon
703 2070 801 2144 erant,
825 2066 882 2131 sed
906 2070 1015 2131 anostra
1038 2087 1117 2149 quae
1140 2069 1274 2134 lecimus

130 2174 247 2238 delicta
270 2174 446 2237 inundauit.
472 2178 503 2237 et
521 2174 601 2237 bone
621 2194 717 2237 uuam
737 2173 824 2246 dixit.
846 2175 920 2256 quia
939 2174 1023 2238 siout
1041 2194 1106 2238 uua
1124 2177 1276 2258 pependit

130 2282 161 2345 in
185 2281 283 2365 ligno.
308 2282 377 2364 ipse
402 2284 451 2345 est
474 2280 562 2347 uitis.
586 2281 654 2363 ipse
679 2301 760 2345 uua:
786 2282 863 2345 uitis
887 2281 974 2366 ligno
995 2283 1178 2351 adhaerens.
1199 2303 1273 2362 uua,

131 2390 204 2471 quia
227 2389 336 2453 lancea
359 2388 471 2452 militis
495 2391 639 2470 apertum
662 2389 748 2452 latus
768 2388 875 2452 emisit
893 2408 1007 2471 uquam
1027 2392 1059 2453 et
1078 2390 1273 2473 sauguinem.
1294 2416 1318 2455 as

131 2497 176 2559 sic
201 2496 284 2560 enim
309 2494 387 2559 dixit
410 2495 566 2559 Iohannes
590 2496 663 2577 quia
692 2495 823 2559 exiuit
851 2496 895 2559 de
924 2515 966 2560 eo
996 2515 1096 2577 aqua
1124 2500 1163 2560 et
1191 2516 1273 2561 sau-

131 2603 232 2685 guis,
258 2622 339 2685 aqua
358 2602 395 2665 ad
415 2603 588 2679 lauaerum,
609 2603 738 2686 sanguis
759 2602 797 2666 ad
817 2602 972 2684 pretium·
986 2621 1067 2684 aqua
1085 2622 1142 2667 nos
1161 2602 1273 2677 abluit,

75 2705 260 2793 25sanguis
285 2729 341 2774 nos
370 2708 515 2773 redemit.
545 2712 577 2774 et
604 2709 674 2773 ideo
705 2710 748 2772 ait
777 2710 949 2791 propheta:
978 2709 1133 2773 hilares
1162 2710 1272 2774 oculi

131 2817 218 2880 eius
249 2835 266 2878 a
295 2816 387 2879 uino
413 2819 453 2879 et
477 2815 617 2880 dentes
643 2816 904 2880 candidiores
929 2835 1043 2898 quam
1067 2818 1130 2880 lac
1153 2816 1272 2899 signifi-

131 2942 205 2987 eans
238 2923 408 3005 prophetas
443 2925 475 2986 et
507 2923 680 3003 apostolos.
715 2921 769 2985 alii
802 2922 883 2985 enim
919 2923 1003 2986 sieut
1036 2923 1120 2986 oculi
1154 2922 1272 2988 Christi
1291 2949 1317 2991 ιο

129 3030 353 3111 praeuidemnt
376 3032 408 3093 et
431 3029 697 3092 adnuntiauerunt
720 3028 788 3092 eius
807 3028 991 3107 aduentum,
1011 3029 1049 3093 de
1069 3029 1185 3112 quibus
1205 3030 1273 3113 ipse

129 3137 226 3201 dieit:
249 3137 447 3200 Abraham
471 3136 572 3199 diem
599 3155 724 3198 rusum
750 3135 856 3198 uidit
880 3140 918 3199 et
942 3137 1115 3219 gauisus
1140 3141 1211 3215 est,
1242 3140 1273 3201 et

128 3263 210 3307 rinus
235 3244 272 3307 de
297 3244 460 3326 prophetis
486 3243 582 3307 dicit:
613 3241 698 3305 uidi
729 3242 930 3307 domiuum
960 3242 1148 3322 Sabaoth,
1178 3264 1272 3326 quem

128 3350 273 3414 uidentes
307 3350 441 3432 spiritali
473 3349 597 3414 laetitia
630 3350 875 3431 conplebantur:
910 3352 963 3413 alii
1001 3370 1087 3426 uere,
1125 3353 1183 3416 hoe
1223 3355 1272 3415 est

126 3457 275 3539 apostoli,
305 3476 384 3538 quos
415 3457 561 3521 domiuus
591 3457 628 3520 ab
659 3458 741 3521 omni
770 3462 972 3539 peecatorum
999 3458 1070 3521 labe
1094 3459 1315 3538 mundanitas

216 3700 394 3763 31,uc.4‚1
451 3700 674 3764 insunuans
733 3700 764 3752 10
783 3699 884 3755 Psalm.
905 3698 940 3753 CI
958 3701 992 3752 27
1051 3700 1271 3761 ramathas

126 3787 337 3852 aulonam
392 3789 426 3841 23
446 3788 517 3843 Esai.
538 3789 597 3843 al

162 3929 225 3981 ‘lin
246 3928 296 3992 deo
317 3929 342 3981 B
380 3923 699 3999 :diffamassent-3)
742 3933 915 3998 aregressus
936 3931 1149 3997 infamauit?
1206 3949 1269 4001 ergo

125 4018 214 4071 oru.P
249 4021 317 4070 but
336 4017 648 4075 α11.8.ιι.1’.οηι.2ῐ’1)
688 4017 940 4087 tideniqueaitN'
979 4019 1204 4074 lanaboladium
1220 4021 1272 4074 VT

125 4098 317 4187 anabbladium
331 4134 359 4186 P
378 4132 404 4198 (d
421 4140 519 4201 postea
539 4133 615 4199 add.)
636 4134 828 4187 anabnladium
844 4133 1000 4187 Rumor*
1021 4136 1175 4189 australium
1189 4137 1269 4190 P'P‘

124 4221 141 4274 8
162 4221 236 4274 uerbi
255 4221 282 4273 P
299 4222 326 4289 (i
344 4237 365 4275 s.
386 4222 406 4290 i)
428 4222 453 4274 Τ
471 4223 490 4288 (i
510 4239 543 4275 eu·
562 4227 617 4287 um)
639 4223 722 4275 uerhu
743 4223 766 4277 O
887 4223 1075 4276 anaboladium
1101 4225 1151 4277 VT
1168 4226 1269 4280 anabo-

124 4345 190 4398 lium
209 4345 286 4399 PF*
306 4345 497 4399 anaboladium
518 4353 564 4402 cet.
649 4349 680 4400 10
700 4328 809 4400 indudm
830 4327 875 4401 eds
895 4348 924 4401 1)
996 4350 1122 4402 amictum
1146 4350 1171 4403 Τ
1189 4352 1269 4416 (amic

125 4435 241 4498 iuras.)
299 4436 331 4488 18
351 4436 482 4504 sanguine
507 4435 533 4487 V
603 4453 651 4488 uos
670 4453 738 4490 eras.
763 4437 793 4493 T.
814 4453 864 4489 ona
884 4438 992 4493 Palm
1065 4439 1163 4493 hilares
1182 4441 1209 4493 B
1230 4447 1270 4507 (es

124 4538 158 4574 au
177 4523 210 4583 is)
282 4523 314 4575 19
334 4540 350 4576 a
368 4540 420 4575 uua.
439 4523 512 4577 91⁴¹E
586 4522 681 4576 dentes
701 4524 756 4576 eius
776 4524 834 4577 ΒΤ
900 4526 934 4577 20
954 4525 1100 4594 prophetas
1120 4528 1176 4580 eius
1196 4534 1224 4581 et
1248 4530 1275 4583 V

125 4612 158 4664 23
179 4605 243 4664 ciffi
260 4613 290 4664 in
310 4628 363 4664 ras.
388 4611 413 4664 Τ
430 4611 474 4664 dm
493 4612 523 4665 D
577 4613 612 4665 24
630 4612 764 4680 spirit-alia
782 4613 809 4665 P
827 4618 854 4678 (a
874 4614 922 4666 alt.
942 4622 1022 4679 arua)
