2804 5168
473 1003 884 1117 PRAEFATIO.

154 1302 342 1383 Priusquam
371 1302 409 1366 ad
439 1302 584 1386 singulas
609 1323 658 1367 res
683 1305 884 1385 explicandas
912 1305 1087 1390 adgrediar,
1112 1307 1144 1370 16
1186 1309 1254 1389 661-

108 1409 168 1472 166
192 1407 365 1472 tractandis
389 1408 523 1472 eundem
548 1428 609 1490 quo
633 1409 664 1473 in
689 1411 787 1492 partis
810 1413 930 1493 primae
953 1412 1147 1494 praefatione
1175 1435 1255 1478 usus

108 1535 179 1579 sum
217 1515 355 1580 ordinem
395 1516 538 1593 seruabo,
577 1516 686 1599 paucis
724 1518 802 1580 mihi
839 1537 989 1600 exponere
1022 1520 1117 1584 liceat
1150 1540 1206 1584 cur
1238 1540 1257 1584 6

108 1621 315 1704 dispositione
343 1622 496 1685 librorum
520 1623 574 1703 661
597 1624 658 1687 166
689 1624 850 1687 uolumine
880 1626 1078 1689 continentur
1105 1627 1135 1690 in
1165 1627 1255 1692 editi-

108 1728 221 1792 onibus
254 1732 380 1811 recepta
414 1729 610 1810 aliquantum
640 1729 850 1794 discesserim.
876 1735 908 1795 et
931 1733 1015 1813 quod
1043 1733 1187 1796 libellum
1217 1733 1256 1797 de
1298 1758 1307 1769 ·

106 1836 184 1918 fuga
221 1835 341 1899 saeculi
379 1835 442 1899 huo
479 1855 580 1917 usque
617 1837 772 1919 opusculo
802 1838 839 1901 (16
868 1838 950 1902 1666
979 1839 1090 1903 mortis
1129 1839 1256 1903 adiunc-

106 1948 177 2003 tum
201 1941 260 2005 boo
289 1943 358 2006 loco
387 1942 474 2006 moui
498 1946 530 2006 et
562 1946 636 2025 post
664 1946 835 2008 tractatum
869 1944 906 2008 de
939 1946 1126 2027 patriarchis
1160 1946 1256 2010 collo-

106 2047 190 2123 caui,
220 2047 253 2111 id
280 2066 371 2112 nemo
395 2051 473 2130 puto
496 2049 712 2130 reprehendet.
737 2070 809 2114 nam
833 2069 1024 2132 quamquam
1051 2071 1121 2116 eum
1150 2052 1254 2133 ipsum

107 2158 244 2235 occupat
276 2154 359 2218 inter
384 2154 544 2219 Ambrosii
577 2157 764 2239 sumptiones
798 2157 959 2234 collectas,
994 2177 1073 2240 quae
1106 2157 1197 2221 nobis
1226 2158 1255 2220 in

106 2259 220 2341 primis
252 2260 574 2344 Audomeropoliteno
612 2267 644 2345 61
674 2263 835 2327 Parisiaco
860 2265 959 2327 ,1913
999 2264 1132 2328 traditae
1171 2268 1256 2340 sunt,

105 2374 214 2433 tamen
244 2388 279 2433 eo
308 2369 494 2452 interposito
524 2390 637 2453 corpus
665 2372 746 2436 illud
775 2372 813 2436 de
841 2373 1038 2455 patriarchis,
1068 2372 1152 2454 quad
1181 2372 1257 2436 olim

106 2475 253 2539 extitisse
277 2496 295 2539 a
318 2475 507 2541 cassiodoro
533 2477 623 2559 (lust.
653 2479 751 2544 (11616.
780 2479 843 2543 1111.
873 2481 904 2562 1)
933 2479 1110 2555 edocemur,
1138 2478 1258 2542 turbari

12 2583 15 2588 ’
106 2590 142 2647 61
175 2582 334 2663 eorrumpi
366 2582 571 2647 manifestum
605 2588 662 2674 661.
699 2584 784 2665 quod
821 2603 935 2666 corpus
972 2586 1031 2648 hos
1068 2584 1180 2648 libros:
1219 2584 1258 2647 de

105 2689 269 2754 Abraham
298 2689 339 2763 lI,
370 2688 408 2753 de
436 2689 536 2766 Isaac,
561 2690 599 2754 (16
623 2691 704 2755 1666
729 2691 851 2767 mortis,
877 2690 915 2753 (16
938 2690 1032 2754 16661
1056 2691 1097 2766 ll,
1122 2689 1257 2771 denique

106 2795 149 2859 de
173 2795 288 2877 loseph
319 2800 352 2860 61
379 2795 417 2858 (16
445 2796 632 2877 patriarchis
659 2797 690 2860 in
719 2816 819 2861 unum
848 2797 1034 2860 coniunctos
1059 2797 1257 2879 complexum

105 2921 182 2967 esse
213 2902 245 2966 in
278 2902 471 2986 praefatione
503 2904 676 2968 uoluminis
709 2904 803 2986 primi
836 2903 1124 2985 comprobauimus.
1157 2920 1258 2984 neque

105 3008 166 3092 661
199 3008 318 3073 factum
348 3010 391 3074 sit
418 3013 456 3073 ut
482 3009 611 3075 libellus
641 3010 678 3075 de
705 3011 782 3094 suga
806 3011 926 3075 saeculi
950 3013 1024 3091 post
1047 3029 1118 3073 eum
1143 3009 1196 3091 661
1220 3009 1258 3072 (16

104 3119 194 3182 bono
226 3116 338 3181 mortis
370 3116 553 3182 inscribitur
580 3119 687 3182 locum
715 3116 870 3181 obtineret
898 3117 1067 3180 obscurum
1098 3119 1156 3193 est,
1186 3134 1259 3179 cum

105 3223 167 3288 illa
204 3241 283 3304 quae
320 3223 401 3287 inter
438 3226 609 3306 utrumque
650 3223 819 3287 intercedit
849 3206 1038 3305 ‘argumenti
1081 3221 1259 3286 similitudo

105 3348 221 3395 666661
261 3330 329 3394 6166
362 3330 520 3395 inserendi
553 3331 678 3395 dedisse
709 3330 866 3402 uideatur.
897 3329 960 3422 iam
995 3329 1050 3411 qui
1083 3331 1261 3410 sequuntur

104 3436 185 3501 libri
216 3437 248 3500 16
276 3437 477 3502 Amerbachii
510 3437 648 3502 editione
683 3438 743 3502 hoc
767 3423 984 3501 ''modointe'r
1016 3454 1050 3500 se
1086 3434 1260 3517 excipiunt:

106 3543 150 3606 de
180 3541 359 3619 Nabuthae,
389 3542 427 3607 de
455 3543 558 3618 Helia,
592 3543 629 3608 de
657 3543 766 3620 Tobin,
801 3543 839 3607 (16
867 3533 1119 3623 interpellatione
1143 3541 1199 3604 lob
1230 3544 1262 3604 et

105 3649 229 3726 Dauid,
268 3650 306 3715 (16
344 3636 493 3734 apologia
530 3650 643 3714 Dauid.
682 3651 735 3731 661
774 3650 849 3714 ordo
884 3669 901 3712 6
934 3649 1047 3712 ceteris
1086 3647 1261 3712 editoribus

107 3761 260 3838 receptus
295 3756 374 3821 61111
407 3756 588 3837 habetque
613 3755 850 3819 commendetur
882 3755 943 3818 nisi
974 3753 1059 3835 quod
1088 3771 1260 3816 6616666-

106 3863 210 3931 nullis
234 3863 323 3927 libris
347 3883 441 3928 manu
467 3862 595 3945 scriptis
620 3865 714 3942 atque
738 3861 769 3925 in
793 3861 903 3944 primis
929 3880 1000 3924 cum
1026 3860 1155 3941 antiquo
1176 3858 1260 3922 Pari-

108 3974 199 4038 siaco
231 3971 316 4034 1732
345 3968 511 4052 conspirat.
541 3968 597 4032 sed
624 3986 736 4050 parum
768 3968 800 4031 id
833 3969 934 4031 ualet:
968 3987 1040 4030 narn
1069 3971 1105 4029 nt
1138 3968 1260 4029 ceteros

108 4078 239 4145 codices
273 4077 428 4155 omittam,
461 4076 492 4140 in
524 4075 727 4152 Bononiensi,
762 4075 815 4156 qui
847 4075 900 4137 uel
928 4073 1123 4137 Parisiacum
1158 4072 1261 4134 aetate

109 4189 254 4271 superat,
288 4184 466 4269 apologiam
498 4182 604 4248 Dauid
637 4202 710 4246 oum
743 4182 814 4247 eliis
842 4181 1002 4246 Ambrosii
1030 4180 1119 4244 libris
1154 4197 1263 4243 conso-

167 4326 260 4367 xxxu.
277 4323 356 4364 Ambr.
369 4333 422 4374 6661
439 4325 460 4365 2.
1192 4316 1208 4352 a
