2804 5168
615 305 832 360 Praelatio.
1271 310 1298 372 V

147 504 283 568 alterius
316 507 348 567 et
379 502 466 566 tertii
500 502 652 567 sermonis
686 502 926 566 similitudinem
960 503 1115 585 quandam
1152 523 1225 587 prae
1263 523 1297 568 se

147 611 266 682 ferunt,
294 609 326 672 id
354 628 414 673 non
444 609 608 692 scriptoris
638 609 780 685 consilio,
809 608 865 673 sed
889 610 977 673 easui
1000 609 1203 674 tribuendum
1228 629 1297 675 esse

148 717 309 782 existimo.
344 735 444 799 neque
478 734 552 780 uero
586 736 621 780 ex
651 735 686 780 eo
716 715 800 798 quod
829 716 920 779 alteri
949 719 981 780 et
1010 721 1138 797 quartae
1164 717 1295 782 orationi

147 825 321 889 sollemnes
354 823 427 887 illae
462 822 577 905 quibus
611 841 770 887 sermones
804 822 949 886 eoneludi
978 823 1123 887 solebant
1149 823 1296 906 precandi

146 931 303 994 formulae
327 929 496 994 adiunctae
520 933 595 992 sunt
618 928 789 1011 quidquam
815 928 898 1010 quod
919 929 957 992 ad
978 929 1117 993 ordinem
1137 929 1295 993 Parisiaeo

147 1037 300 1101 traditum
324 1035 554 1101 defendendum
580 1036 720 1101 conferat
739 1036 887 1119 colligere
906 1035 995 1108 lieet;
1021 1056 1091 1099 nam
1112 1037 1179 1100 sine
1200 1036 1295 1100 dubio

146 1143 225 1207 olim
258 1162 317 1207 non
347 1142 451 1206 solum
479 1141 539 1218 his,
569 1140 624 1205 sed
653 1142 748 1205 etiam
777 1142 890 1205 ceteris
919 1142 1113 1206 orationibus
1138 1143 1294 1206 eiusnrodi

146 1249 309 1313 clausulae
334 1247 458 1313 additae
483 1250 570 1311 erant
593 1251 625 1311 et
649 1247 733 1330 quod
756 1247 829 1311 illae
853 1248 938 1312 solae
962 1249 992 1310 in
1014 1249 1111 1313 altero
1132 1255 1163 1312 et
1183 1254 1293 1331 quarto

144 1375 290 1419 sermone
322 1359 465 1419 seruatae
499 1357 584 1432 sunt,
617 1354 643 1416 si
678 1353 753 1435 quid
781 1353 885 1430 uideo,
915 1355 1088 1418 sententiae
1116 1375 1204 1418 meae
1234 1375 1293 1419 non

146 1462 283 1540 obstare,
313 1460 369 1524 sed
399 1481 467 1524 earn
491 1460 599 1542 potius
624 1460 806 1524 confirmare
831 1460 968 1526 uidetur.
1002 1461 1047 1525 sio
1074 1462 1173 1545 igitur
1201 1463 1294 1525 ratio-

144 1569 270 1633 cinatus
300 1588 372 1632 eum
401 1586 578 1631 sermonem
608 1566 646 1631 de
674 1567 925 1649 interpellatione
951 1566 1054 1632 Dauid
1083 1588 1156 1632 cum
1180 1569 1293 1633 ceteris

143 1695 207 1739 non
238 1676 411 1752 cohaerere,
446 1673 501 1738 sed
535 1673 596 1737 alio
629 1677 771 1756 tempore
804 1673 842 1736 ab
871 1674 1039 1738 Ambrosio
1074 1676 1227 1758 seriptum
1262 1682 1294 1739 et

142 1786 273 1866 propter
311 1778 489 1865 aigumenti
527 1780 771 1845 similitudinem
809 1781 855 1844 eis
894 1781 1077 1846 adiunctum
1110 1803 1180 1848 esse
1214 1784 1292 1847 mihi

145 1889 387 1971 persuasissem
420 1889 478 1953 hos
511 1907 671 1951 sermones
705 1907 741 1953 eo
775 1889 828 1970 qui
863 1888 1019 1952 Duaoensi
1057 1891 1293 1954 commendatur

145 1996 254 2061 ordine
292 1996 444 2077 disposui.
485 1994 621 2058 concedo
659 1994 805 2076 equidem
843 1994 909 2058 fieri
945 1996 1100 2076 potuisse,
1137 2000 1175 2060 ut
1208 1998 1291 2079 quod

144 2103 283 2167 llaurini
312 2103 514 2167 coniecerunt
542 2100 640 2165 oratio
664 2100 720 2163 illa
743 2105 860 2165 temere
886 2101 1003 2166 omissa
1027 2121 1045 2165 a
1067 2103 1193 2168 librario
1218 2108 1291 2185 post

143 2210 273 2274 tertiam
306 2210 539 2294 adiungeretur,
569 2207 624 2272 sed
653 2207 763 2271 eodem
792 2208 859 2271 iure
888 2208 1043 2290 suspicari
1070 2209 1146 2273 lieet
1179 2230 1288 2274 uerum

144 2316 287 2381 ordinem
321 2317 352 2380 in
388 2315 544 2380 lluaoensi
578 2318 632 2378 aut
665 2315 795 2378 alterius
830 2314 947 2379 oodieis
982 2316 1097 2379 auxilio
1130 2353 1172 2362 —
1206 2317 1290 2380 haud

143 2423 241 2487 dubie
270 2423 350 2486 enim
380 2423 478 2486 altero
503 2421 556 2485 ille
580 2421 660 2485 libro
686 2420 826 2485 adhibito
851 2426 1011 2485 correctus
1036 2425 1150 2486 est-
1175 2428 1230 2487 aut
1254 2444 1289 2487 en

141 2530 325 2594 coniectura
348 2529 532 2593 restitutum
557 2547 637 2592 esse.
666 2528 725 2592 hae
747 2529 847 2611 igitur
868 2547 901 2593 re
926 2529 1071 2593 absoluta
1092 2530 1156 2593 iam
1181 2550 1289 2614 aggre-

143 2637 270 2700 diamur
298 2636 337 2700 ad
364 2637 509 2701 libellum
538 2635 582 2699 de
612 2635 804 2719 apologia
827 2635 968 2707 Dauid,
994 2655 1087 2718 quem
1112 2656 1147 2700 en
1172 2657 1287 2703 sermo·

140 2744 238 2808 nibus
262 2743 481 2808 concinnatum
506 2761 575 2807 esse
599 2741 705 2805 uerbis
730 2744 776 2804 ‘ut
799 2741 891 2806 hodie
914 2743 1032 2806 leetunr
1058 2745 1116 2807 est'
1140 2747 1229 2827 (311,
1255 2748 1288 2830 2)

140 2849 375 2933 comprobatur.
418 2848 496 2913 adde
535 2848 620 2930 quod
656 2848 686 2911 in
724 2847 804 2912 libro
841 2848 954 2913 ultimo
992 2849 1157 2934 doxologia
1194 2873 1287 2935 qrinm

140 2959 260 3021 uoeant
285 2955 487 3037 conspicitur.
514 2955 570 3018 sed
593 2955 622 3019 si
646 2955 684 3018 ab
708 2955 758 3019 his
783 2955 862 3020 loeis
887 2955 1041 3031 discedas,
1066 2958 1139 3020 libri
1158 2960 1288 3041 perfecti

140 3066 238 3144 atque
271 3062 410 3127 absoluti
442 3080 515 3125 eum
547 3061 680 3125 formam
708 3081 781 3144 prae
810 3081 844 3125 se
871 3062 950 3125 fene
981 3061 1114 3141 uidebis,
1142 3063 1175 3127 id
1204 3066 1288 3148 quod

138 3170 205 3232 iam
239 3187 274 3232 ex
305 3167 397 3232 initio
425 3168 501 3244 299,
532 3168 546 3231 l
575 3167 774 3251 ‘Apologinm
802 3167 974 3250 prophetae
997 3169 1102 3233 Dauid
1130 3173 1287 3252 praesenti

138 3275 338 3357 adripuimus
372 3274 446 3339 stilo
480 3274 627 3339 seribere'
664 3273 836 3357 colligitur.
875 3294 968 3355 quam
1007 3277 1287 3343 conformationem

138 3382 180 3445 ad
203 3381 310 3463 ipsum
333 3380 536 3445 Ambrosium
560 3380 661 3444 redire
686 3399 721 3444 ex
744 3381 948 3463 inscriptione
973 3401 1053 3463 quae
1076 3383 1107 3446 in
1127 3383 1287 3451 Parisiaeo

140 3489 228 3553 17:232
260 3487 379 3571 legitur
405 3488 463 3551 ‘De
492 3486 639 3570 apologia
663 3487 766 3551 Dauid
791 3487 829 3550 ad
852 3487 1065 3553 Theodosium
1090 3490 1286 3574 Augustunr'

135 3595 343 3658 manifestum
364 3595 423 3659 est.
443 3593 559 3657 etenim
579 3612 769 3675 quamquam
788 3594 847 3658 hoo
867 3596 1056 3676 opuseulum
1077 3600 1151 3679 post
1170 3619 1285 3663 annum

135 3698 363 3767 CCCLXXXII
391 3703 424 3764 et
451 3705 523 3764 aute
556 3719 671 3764 annum
701 3700 939 3765 CCCLXXXVI
970 3704 1181 3785 compositum
1216 3726 1285 3771 esse

135 3808 274 3882 constat,
299 3826 360 3888 qua
384 3806 422 3870 de
445 3826 478 3870 re
502 3807 533 3870 iu
559 3808 661 3889 capite
687 3807 784 3871 altero
809 3808 904 3871 huius
928 3810 1130 3890 praelationis
1156 3832 1285 3894 erpone-

135 3919 201 3990 tur‚
240 3913 318 3977 nihil
351 3918 455 3977 tamen
490 3913 606 3989 obstat,
640 3934 701 3996 quo
735 3914 840 3978 minus
873 3914 1077 3980 Ambrosium
1110 3918 1141 3980 id
1174 3923 1285 3999 postea

135 4019 316 4084 Theodosio
349 4019 477 4084 misisse
511 4021 686 4084 credamus.
725 4021 808 4103 quod
842 4041 898 4085 our
929 4023 1038 4087 feeerit
1071 4025 1157 4088 uario
1191 4025 1283 4090 ruodo

135 4125 285 4208 explicari
323 4129 439 4208 potest.
478 4145 513 4190 ao
550 4127 687 4210 primum
726 4128 938 4193 Theodosium
973 4130 1076 4211 ipsum
1112 4130 1143 4192 iel
1176 4132 1213 4194 ab
1248 4151 1283 4197 eo

134 4232 390 4314 expostulauisse
424 4233 507 4297 haud
540 4235 747 4316 improbabile
780 4236 839 4300 tibi
871 4234 1042 4314 uidebitur,
1071 4237 1098 4299 si
1127 4238 1283 4320 epistulae
