2804 5168
229 304 271 358 De
279 303 414 373 interpell.
424 301 472 355 Iob
482 308 511 356 et
520 301 610 357 Dauid
621 302 678 356 ΙΙΠ
690 302 739 373 (ΙΙ)
749 303 774 367 8,
785 304 827 360 29.
839 305 873 359 30
897 303 920 371 (Ι
930 305 982 358 649
992 305 1108 359 [1-650
1118 302 1159 372 C).
1197 306 1259 370 291

117 498 229 580 utique
254 518 327 563 non
359 496 519 563 iudicat
550 518 797 581 quemquam,
830 498 897 563 sed
924 518 1035 564 omne
1061 499 1260 566 indicium

119 605 232 669 dedit
263 606 368 681 filio,
402 609 447 669 ut
479 623 613 670 omnes
647 605 928 671 honorificent
962 606 1112 682 filium,
1151 607 1262 671 sicut

117 711 398 776 honorificant
415 717 579 794 patrem.
599 715 688 795 pater
706 713 841 777 honorat
858 713 971 788 filiurn,
987 718 1019 778 et
1030 717 1066 778 tu
1081 712 1260 778 diiudicas?

116 819 175 882 hoc
203 836 240 882 eo
268 819 446 900 posuimus,
470 838 507 882 ne
531 819 602 900 quis
626 838 683 884 nos
713 819 916 884 arbitraretur
943 821 1033 903 quasi
1056 823 1144 885 metu
1168 831 1360 902 quae-osbd

85 925 231 989 astionis
259 925 290 988 in
318 926 425 990 locum
454 925 573 989 domini
596 926 767 1009 subrogare
791 946 959 1008 personam
981 926 1163 1010 prophetae,
1189 944 1261 991 curn

116 1035 246 1096 sanctus
261 1031 366 1096 Dauid
380 1032 567 1115 praeuidens
584 1033 699 1114 spiritu
713 1033 943 1097 insurrecturos
958 1031 1093 1097 ludaeos
1108 1034 1261 1097 aduersus

117 1136 236 1202 domini
254 1138 434 1221 passionem
455 1138 608 1203 iudicium
630 1158 706 1204 suae
725 1139 799 1203 fidei
813 1158 872 1203 non
888 1139 1102 1222 pertimescat,
1128 1137 1259 1203 discerni

117 1263 241 1326 quoqne
279 1263 407 1309 causam
446 1264 536 1309 suam
573 1264 591 1308 a
627 1251 867 1329 persecutorum
902 1250 996 1330 gente
1028 1245 1188 1328 deposcat,
1222 1265 1260 1310 ne

116 1350 209 1415 malis
242 1352 365 1436 generis
399 1352 449 1416 sui
482 1355 515 1416 et
544 1352 742 1435 posteritatis
775 1352 943 1417 heredibus
976 1352 1123 1436 prosapia
1158 1352 1259 1416 totius

30 1458 102 1520 3010
115 1456 237 1521 Iudaici
270 1459 393 1542 generis
425 1459 616 1540 implicetur.
649 1479 709 1524 non
742 1460 888 1524 inmerito
918 1479 992 1544 ergo
1020 1459 1175 1535 turbatur,
1205 1459 1259 1540 qui

116 1563 205 1627 uidet
227 1564 288 1628 sibi
312 1565 465 1630 aduersus
486 1584 611 1630 carnem
630 1570 661 1631 et
680 1566 865 1651 sauguinem
886 1585 955 1630 esse
972 1566 1142 1641 luctamen,
1162 1572 1257 1648 atque
1285 1569 1308 1622 B

116 1671 145 1733 in
176 1689 209 1734 se
236 1671 306 1754 ipso
335 1671 396 1735 sibi
425 1690 521 1756 graue
549 1691 620 1737 esse
648 1672 859 1757 naufragium,
887 1673 917 1737 in
947 1692 1004 1738 suo
1029 1690 1157 1755 corpore
1181 1674 1258 1737 tem-

114 1779 281 1858 pestatem,
310 1796 402 1859 quam
431 1779 587 1843 sustinere
615 1799 676 1844 uon
704 1780 821 1857 ualeat,
849 1781 910 1844 nisi
939 1781 1075 1844 caeleste
1108 1779 1258 1843 auxilium

115 1884 323 1968 suffragetur;
347 1904 437 1950 nemo
463 1886 546 1950 enim
571 1887 698 1970 grauior
715 1887 818 1952 hostis
838 1887 957 1952 bomini
977 1907 1072 1970 quam
1092 1886 1259 1951 domestici

71 2015 96 2055 ra
115 1992 194 2056 eius.
223 1992 299 2073 quid
328 1996 433 2056 autern
462 1997 527 2057 tam
556 1994 766 2058 domesticum
796 2014 890 2077 quarn
919 1994 979 2058 sibi
1008 1994 1102 2058 homo
1127 1996 1159 2056 et
1182 2012 1258 2057 suae

114 2098 215 2162 carnis
242 2097 434 2164 infirmitas?
463 2104 494 2162 et
520 2098 592 2163 ideo
620 2099 751 2163 festinat
777 2100 932 2183 propbeta
961 2103 993 2165 et
1019 2103 1087 2165 toto
1112 2104 1259 2180 precatur

114 2203 239 2281 affectu,
276 2208 313 2269 ut
350 2205 496 2270 Christus
534 2205 693 2283 adueniat,
734 2205 887 2271 fortitudo
930 2206 1161 2280 uniuersorum,
1204 2205 1258 2287 qui

114 2311 269 2394 suscipiat
297 2330 403 2376 omnes
433 2311 634 2377 infirmitates
663 2318 695 2377 et
721 2313 818 2377 faciat
840 2317 973 2396 utraque
997 2333 1096 2377 unum
1120 2331 1257 2398 conpug-

113 2420 286 2500 nantesque
323 2417 385 2482 sibi
421 2420 535 2483 mentis
575 2424 606 2482 et
643 2420 744 2484 carnis
776 2419 961 2490 inimicitias
993 2419 1119 2484 sublato
1152 2421 1259 2485 soluat

65 2550 92 2589 20
112 2523 240 2606 pariete,
279 2524 332 2606 qui
368 2525 526 2589 internum
562 2526 732 2607 quominus
768 2526 801 2590 in
839 2525 1037 2591 concordiam
1075 2527 1306 2592 conueniretc

112 2629 276 2695 diuidebat
308 2630 466 2696 allectum.
501 2650 576 2714 ergo
610 2631 684 2713 quia
715 2631 746 2695 in
782 2651 815 2697 se
847 2633 917 2714 ipso
952 2632 1013 2697 sibi
1046 2636 1112 2697 erat
1139 2653 1256 2718 pugna,

112 2740 179 2801 erat
211 2757 229 2801 a
260 2738 420 2820 proximis,
455 2739 508 2821 qni
540 2739 621 2824 legis
651 2744 684 2804 et
711 2740 880 2823 aequitatis
907 2740 1098 2804 inmemores
1125 2740 1256 2822 laqueos

110 2842 231 2908 fraudis
269 2849 301 2908 et
336 2845 468 2909 insidias
509 2846 746 2929 praeparabant,
789 2850 1014 2929 speratumque
1055 2846 1258 2912 differebatur

110 2951 295 3028 remedium,
329 2952 492 3034 repulsum
527 2971 562 3016 se
594 2952 814 3027 arbitrabatur,
844 2954 935 3036 qnasi
962 2958 1122 3018 recusaret
1149 2954 1256 3019 uenire

64 3057 164 3138 aequi
198 3058 386 3139 promiserat
422 3059 559 3123 remedio
598 3078 632 3123 se
668 3061 824 3136 futnmm,
865 3063 898 3124 et
932 3065 1095 3142 tamquam
1129 3061 1167 3125 ab
1200 3080 1256 3144 spe

109 3163 301 3229 lucescentis
331 3165 393 3229 diei
420 3166 451 3230 in
480 3165 680 3231 tenebrarum
705 3167 862 3251 profunda
884 3172 1053 3232 reuocatus
1077 3168 1197 3243 orabat,
1221 3172 1258 3232 nt

111 3273 290 3352 squalorem
328 3272 423 3337 huius
462 3274 581 3337 saeculi
618 3274 783 3357 repulsura
821 3275 873 3338 lux
909 3273 1088 3352 irradiaret,
1132 3279 1257 3339 aeterna

203 3464 236 3517 14
254 3463 335 3519 Mioh.
356 3466 380 3528 7,
400 3465 415 3517 6
473 3464 505 3518 18
524 3465 622 3535 llpbes.
643 3466 668 3523 2.
689 3466 722 3519 14
741 3482 781 3534 sq.
835 3465 870 3518 27
889 3464 988 3517 Psalm.
1008 3463 1134 3518 XXXXII
1154 3467 1170 3519 3

147 3597 352 3651 3honorificat
370 3596 463 3651 DP‘C
558 3599 733 3669 lposuimus
751 3599 817 3665 P,(i
835 3614 856 3652 a.
876 3600 916 3665 u.)
1025 3598 1173 3652 arbitretur
1190 3598 1255 3653 DP‘

148 3687 225 3753 quasi
244 3687 271 3740 in
292 3690 352 3740 estn
368 3687 394 3738 Β
409 3686 450 3753 (ire
465 3703 515 3756 naq.
530 3691 577 3740 m2
592 3688 620 3741 al
633 3689 719 3754 metui
774 3690 789 3741 7
809 3705 874 3742 suae
888 3687 963 3756 fidei]
980 3686 1082 3740 domini
1095 3686 1122 3740 Β
1194 3704 1254 3756 per-

110 3773 231 3827 timiscat
249 3775 276 3827 P
356 3776 372 3828 8
391 3800 442 3827 ιω
462 3780 543 3844 gente
563 3775 685 3846 deposcit
703 3778 724 3845 (i
743 3794 776 3831 ea
795 3780 820 3844 a)
840 3777 867 3831 Β
948 3777 978 3830 ll
999 3776 1076 3830 uidet
1094 3776 1121 3829 P
1138 3780 1163 3841 (e
1183 3793 1216 3830 eac
1233 3777 1253 3842 i)

146 3864 472 3935 luctamenP(oe.u.)
541 3868 574 3919 14
593 3866 696 3920 homini
715 3866 848 3920 hostisB
918 3853 1175 3936 llfflP‘Cetm
1195 3866 1255 3919 exi

111 3958 166 4021 m2)
187 3954 214 4006 Β
232 3941 276 4023 spi
291 3954 347 4008 ΡΒ
403 3955 435 4008 18
456 3961 668 4025 compugnantes
682 3956 710 4008 B
730 3966 791 4013 (om.
812 3972 864 4024 qne
883 3961 907 4009 et
926 3972 1021 4018 anunm
1041 3956 1073 4008 io
1091 3973 1141 4024 mp.
1161 3960 1207 4007 m2
1226 3955 1255 4008 al

111 4047 224 4112 utraque
244 4059 334 4104 unum,
355 4042 485 4096 uidelicet
504 4049 727 4113 compugnantes)
785 4045 817 4097 19
837 4048 941 4098 mentes
955 4044 1020 4098 DP¹
1094 4043 1184 4097 soluat
1202 4061 1252 4098 om.

110 4130 137 4184 Β
156 4132 198 4193 (in
217 4149 266 4200 asp.
287 4136 333 4185 m2
352 4133 381 4185 al
400 4131 508 4185 sublato
528 4133 627 4197 soluat)
693 4134 726 4186 22
747 4133 873 4202 proximis
892 4133 919 4186 P
938 4139 961 4198 (r
979 4149 999 4186 s.
1020 4150 1056 4197 u,
1075 4133 1085 4185 i
1105 4132 1154 4185 alt.
1174 4148 1207 4186 ex
1225 4148 1252 4197 ur

110 4221 145 4274 26
164 4219 324 4274 lucescentis
343 4221 371 4274 P
389 4224 414 4288 (e
431 4238 473 4289 pr.
493 4238 527 4275 ex
544 4222 554 4274 i
573 4225 629 4287 m2)
685 4223 719 4276 21
739 4221 847 4291 repulsa
866 4221 929 4274 DP‘

1170 4326 1219 4381 19·
