2804 5168
145 674 210 737 395
605 668 827 739 [Ambrosii]

140 865 223 931 rium
248 863 397 929 conuenit
426 863 510 945 quod
533 864 655 948 primns
678 863 709 926 in
733 863 860 928 ludaeis
881 863 978 928 fuerit
1001 867 1109 946 partus
1133 863 1297 945 infirmus,

141 976 178 1037 ut
200 977 313 1055 postea
335 973 366 1035 in
391 970 579 1036 Christianis
603 971 693 1034 tieret
716 972 838 1035 fructus
862 973 1018 1035 aeternus.

30 1078 141 1162 11‚54
188 1078 250 1143 Sed
269 1079 332 1142 iam
357 1078 396 1142 ad
419 1079 566 1142 nuntium
590 1081 799 1142 transeamus.
825 1097 897 1141 nam
921 1077 952 1141 in
973 1078 1189 1160 superioribus
1209 1081 1294 1143 trac·
1359 1083 1384 1138 Β

138 1189 226 1251 tatus
264 1185 356 1249 nobis
394 1184 432 1249 de
459 1185 516 1249 illo
546 1184 706 1249 inuidioso
737 1184 892 1248 adulterio
922 1189 953 1248 et
981 1185 1152 1250 homicidio
1182 1184 1293 1249 Dauid

139 1293 312 1376 prophetae
345 1292 407 1356 fuit
440 1292 644 1373 decursisque
677 1291 838 1374 mysteriis
872 1311 933 1356 nou
962 1293 1066 1356 solnm
1095 1291 1175 1355 nihil
1204 1291 1293 1373 quod
1323 1315 1337 1357 e

140 1398 402 1464 condemnaretur
435 1398 491 1461 sed
524 1397 620 1462 etiam
652 1398 737 1479 quod
769 1397 951 1462 laudaretur
983 1398 1176 1463 inuenimus.
1206 1417 1292 1463 nunc

140 1508 296 1570 tractatus
321 1503 434 1586 incipit
457 1523 528 1569 esse
553 1503 591 1567 de
615 1504 746 1581 nuntio,¹
765 1523 858 1586 quem
883 1504 1008 1569 decursi
1031 1505 1148 1587 psalmi
1170 1504 1292 1569 titulus

139 1611 202 1675 iam
227 1629 320 1692 saepe
344 1609 500 1692 repetitus
526 1609 675 1674 ostendit.
699 1610 746 1674 sic
770 1609 853 1673 enim
877 1614 945 1674 est:
969 1611 1139 1691 psalmus
1163 1610 1293 1675 Dauid

139 1717 382 1793 intellectus,
412 1736 494 1781 oum
521 1717 695 1781 uenisset
725 1716 769 1780 ad
798 1735 879 1779 earn
907 1715 1054 1780 Nathan
1087 1716 1290 1799 propheta,
1360 1722 1381 1777 c

75 1828 116 1890 55
142 1842 223 1888 cum
253 1824 437 1888 intrasset
461 1822 504 1886 ad
526 1823 725 1887 Betsahee.
750 1823 858 1905 itaque
882 1826 914 1886 et
938 1824 1014 1887 haee
1038 1842 1111 1904 pars
1136 1823 1290 1887 historiae
1312 1848 1337 1887 ιο

139 1929 308 1994 retexenda
335 1932 394 2001 est,
426 1950 505 2011 quae
534 1929 718 1994 huiusmodi
747 1932 805 1993 est.
835 1929 948 1993 ‘diues‘
976 1929 1082 2013 inquit
1104 1933 1147 1994 ‘et
1169 1948 1293 2012 pauper

139 2037 223 2100 intra
255 2056 350 2100 unam
384 2040 472 2100 erant
504 2035 680 2101 ciuitatem.
724 2035 819 2099 diuiti
852 2036 956 2100 multa
988 2039 1138 2113 armenta,
1167 2038 1291 2101 multae

139 2161 226 2220 oues,
262 2143 393 2225 pauperi
431 2161 493 2206 una
530 2142 611 2219 ouis,
649 2161 728 2224 quae
768 2142 806 2205 de
843 2162 921 2223 pane
956 2146 988 2206 et
1032 2142 1106 2208 irino
1139 2144 1290 2226 pauperis

140 2249 284 2314 alebatur
307 2253 338 2314 et
361 2250 392 2313 in
414 2249 485 2314 sinu
505 2251 573 2313 eius
593 2249 822 2331 requiescebat.
842 2249 931 2313 uenit
949 2250 1065 2332 hospes
1086 2249 1125 2313 ad
1144 2249 1290 2326 diuitem,

139 2355 230 2422 diues
259 2376 360 2439 neque
390 2357 428 2420 de
458 2360 598 2420 armento
624 2375 681 2420 suo
706 2375 808 2437 neque
834 2355 871 2419 de
897 2356 1048 2439 gregibus
1074 2356 1141 2420 suis
1166 2356 1290 2438 aliquid
1310 2378 1335 2418 rs

139 2463 282 2540 abstulit,
316 2464 372 2527 sed
405 2482 500 2527 unam
534 2482 626 2526 ouem
650 2463 798 2545 pauperis
824 2462 948 2527 occidit.
973 2462 1033 2527 hoc
1057 2462 1111 2527 ubi
1136 2464 1290 2546 cognouit
1353 2463 1376 2515 Ι)

139 2569 244 2634 Dauid
281 2569 454 2634 ‘morietur‘
491 2569 594 2650 inquit
627 2569 688 2632 ‘uir
721 2569 774 2631 ille
808 2572 839 2632 et
870 2569 1019 2633 restituet
1051 2568 1288 2651 quadruplnm‘.

138 2677 302 2758 respondit
338 2677 386 2739 illi
423 2675 569 2740 Nathan:
607 2680 652 2739 ‘tu
692 2683 747 2739 es'.
786 2676 898 2740 deinde
932 2677 1056 2759 aperuit
1089 2676 1118 2740 ei
1151 2677 1288 2741 caeleste

139 2784 324 2847 mandatum
354 2782 461 2846 diceus
489 2782 658 2847 mandasse
688 2782 852 2846 dominum
882 2782 966 2864 quod
993 2782 1096 2846 multa
1122 2783 1170 2846 illi
1194 2783 1288 2859 bona,

139 2889 172 2952 id
201 2892 250 2953 est
279 2909 355 2971 opes
383 2889 487 2971 regias
516 2890 643 2953 sublato
674 2889 712 2952 de
740 2893 903 2971 pastorum
931 2908 1062 2952 numero
1096 2889 1289 2955 contulisset
1306 2911 1333 2950 ro

140 2995 287 3077 quodque
323 2994 354 3056 in
391 3013 463 3059 eum
502 3014 591 3058 suam
628 2995 877 3060 misericordiam
912 2995 1107 3078 profudisset
1142 2998 1174 3059 et
1214 2996 1286 3061 ideo

141 3101 290 3183 quoniam
331 3104 461 3182 peccato
505 3104 721 3182 exasperasset
768 3100 941 3178 dominum,
989 3100 1172 3165 abducenda
1218 3103 1286 3166 eius

141 3209 257 3286 omnia,
289 3207 440 3290 rapienda
472 3207 509 3271 ab
543 3208 700 3285 hostibus
743 3207 995 3289 depopulandam
1032 3207 1172 3273 domum.
1209 3211 1287 3272 tunc

141 3315 186 3377 ait
208 3314 281 3377 ille:
307 3313 470 3395 peccaui,
495 3316 528 3377 et
550 3313 715 3394 respondit
737 3314 883 3378 Nathan:
909 3314 1067 3395 ‘quoniam
1086 3333 1235 3396 peccasse
1255 3318 1286 3379 te
1352 3333 1374 3387 Ε

141 3421 310 3495 confiteris,
333 3419 477 3484 remittet
499 3421 559 3484 tibi
584 3420 730 3484 dominus
755 3424 933 3503 peccatum,
958 3420 1014 3484 sed
1033 3420 1119 3484 filius
1136 3424 1212 3484 tuus
1232 3422 1286 3503 qui
1304 3445 1330 3486 rs

141 3530 234 3591 natus
263 3528 314 3590 est
341 3546 377 3590 ex
404 3526 560 3590 Betsabee
588 3526 761 3589 morietur'.
791 3526 851 3590 hoc
880 3525 944 3589 filio
974 3529 1156 3610 aegrotante
1183 3526 1289 3591 Dauid

229 3735 245 3789 8
264 3734 363 3787 Psalm.
384 3735 405 3788 L
426 3734 438 3787 1
460 3750 499 3803 sq.
558 3735 588 3786 11
610 3733 677 3802 Reg.
697 3733 724 3786 Il
742 3734 783 3796 12,
801 3734 812 3786 1
830 3751 888 3802 sqq.
944 3735 978 3789 26
998 3735 1065 3803 Reg.
1079 3734 1108 3788 11
1124 3735 1165 3800 12,
1181 3734 1214 3790 16
1229 3751 1287 3804 sqq.

177 3876 190 3928 1
210 3879 303 3945 partus
323 3876 443 3928 infirmus
462 3874 586 3928 lueritX
635 3876 698 3928 ‘dut
717 3874 777 3927 TN‘
798 3879 826 3928 ct
845 3875 878 3928 T‘
898 3879 924 3940 (v
942 3891 963 3928 o.
984 3875 1009 3943 e)
1024 3880 1071 3928 oet.
1127 3876 1143 3928 3
1163 3875 1190 3928 in
1209 3892 1288 3944 supe·

140 3965 254 4017 rioribus
269 3963 325 4017 TN
341 3964 525 4032 superioribus
545 3963 640 4016 diebus
654 3969 700 4018 oet.
739 3968 755 4017 ῦ
769 3964 950 4032 decursusque
961 3963 994 4016 N
1003 3963 1131 4016 decursus
1146 3964 1240 4032 itaque
1255 3964 1291 4017 Μ

140 4055 157 4106 8
176 4054 246 4106 eninr
261 4053 379 4121 psalmus
400 4059 442 4105 est
461 4071 479 4122 χ
539 4055 555 4107 9
575 4053 652 4105 uenit
670 4053 732 4105 PM
786 4054 818 4105 16
834 4059 858 4106 et
873 4055 907 4106 ‘Ni
922 4052 1052 4121 betsabee
1075 4052 1100 4104 T
1116 4052 1288 4122 bersabqu

139 4141 288 4196 bethsabee
306 4142 352 4195 uel
371 4159 415 4210 -ep
435 4147 482 4195 cet.
571 4143 601 4194 ll
623 4140 770 4194 retexenda
792 4142 816 4193 T
833 4140 979 4194 retexenda
999 4150 1024 4205 (e
1044 4146 1102 4194 tert.
1121 4141 1239 4209 ireres.)
1258 4141 1290 4193 N

142 4231 175 4284 14
193 4230 379 4299 requiescebat
401 4230 481 4298 Y(re
499 4247 520 4283 s.
540 4234 578 4295 a.)
660 4232 691 4283 15
711 4247 759 4283 suo
779 4247 828 4282 nec
846 4229 936 4283 BPM
1026 4231 1058 4282 17
1078 4231 1210 4283 morietur
1229 4228 1291 4283 PM

162 4319 261 4388 inquit]
278 4319 370 4374 aitB¹.
386 4335 437 4372 om.
452 4319 478 4370 B
533 4320 640 4387 inquit.
653 4318 867 4389 ..quadruplum
880 4320 979 4372 ireres.
995 4321 1041 4371 aad
1060 4318 1092 4371 T‘
1108 4318 1149 4386 (in
1159 4335 1209 4386 mg.
1222 4335 1288 4383 rue,

140 4408 172 4460 in
189 4407 350 4476 perdeserta
368 4407 459 4475 inquit
477 4412 501 4460 et
520 4409 647 4460 restituet
666 4408 758 4461 asilaus
776 4408 883 4461 dirrosci
897 4412 1024 4475 possunt)
1123 4407 1151 4460 in
1170 4406 1288 4477 quadru-

140 4495 214 4564 plum
238 4494 330 4547 ΤῬΜ
405 4493 437 4546 18
457 4493 497 4546 1111
517 4494 612 4546 om.X
680 4496 712 4547 21
734 4496 944 4548 inisericordiam
962 4511 1038 4548 suam
1058 4495 1129 4548 B‘P
1193 4496 1228 4549 24
1246 4494 1289 4548 illi

146 4581 202 4636 TN
253 4581 504 4636 assentientium
557 4583 590 4636 26
611 4584 723 4636 esttibi
743 4584 864 4637 e1B¹1>¹
