2804 5168
337 297 379 351 De
397 297 478 350 Iacob
496 295 511 350 Ι
530 296 555 352 3.
574 298 600 359 4,
621 294 726 348 12-14
763 294 788 361 (I
806 297 859 350 448
878 296 993 350 1)-449
1011 297 1058 361 D).
1227 302 1268 365 13

120 495 261 569 rendum,
290 512 328 557 no
364 492 401 556 ab
435 491 558 575 ingrato
591 493 757 554 reuocetur
788 490 929 559 libertas.
963 493 1040 575 quid
1067 495 1097 558 te
1130 495 1266 577 beatius,

121 602 175 684 qui
198 600 257 666 sub
283 599 408 664 domiuo
432 617 544 682 regnas
569 601 601 662 et
625 597 684 662 sub
708 603 838 680 patrono
862 599 1003 664 militas?

10 712 73 793 ,13
165 705 250 786 Quid
281 709 388 770 autern
421 708 471 768 est
505 705 590 787 qnod
623 704 682 768 tibi
710 724 770 769 non
799 705 934 769 contulit
962 705 1129 772 domiuus?
1162 709 1367 792 legemtted

120 815 216 895 dedit,
242 812 402 878 adiuuerit
430 811 574 896 gratiam.
607 811 656 875 lex
680 811 762 875 enim
786 816 950 895 peccatum
976 813 1186 894 denuntiauit,
1212 816 1269 880 sed

85 921 152 984 uin
184 921 367 985 condicione
400 918 521 983 lubrica
552 919 679 1007 penitus
713 919 858 983 cohibere
890 939 952 983 nou
984 921 1099 1003 potuit.
1133 922 1269 1006 cognoui
1295 935 1318 989 Β

119 1027 202 1092 enim
225 1030 392 1109 peccatum
415 1025 500 1107 quod
523 1025 712 1101 nesciebam,
737 1025 871 1108 cognoui
891 1027 1179 1109 concupiscentiam
1198 1048 1268 1094 esse

118 1139 296 1217 peccatum,
321 1135 354 1197 et
376 1132 434 1196 hac
459 1131 623 1197 occasione
648 1131 838 1214 cognitionis
862 1133 983 1216 peccati
1007 1152 1078 1198 aera
1106 1136 1269 1199 cumulata

119 1243 204 1318 sunt,
220 1239 295 1322 quia
313 1244 489 1322 peccatum,
505 1239 590 1320 quod
608 1242 680 1303 aute
695 1258 751 1320 per
764 1239 974 1322 ignorantiam
988 1260 1090 1304 meam
1107 1245 1267 1306 mortuum

118 1347 298 1425 uidebatur,
317 1345 349 1409 in
369 1365 419 1409 nne
443 1344 570 1409 reuixit:
596 1364 654 1429 ego
680 1348 785 1410 autern
809 1349 956 1412 mortuus
977 1367 1048 1412 snm
1068 1347 1127 1411 sub
1146 1349 1269 1430 peccati

76 1480 100 1517 ro
119 1455 260 1534 uulnere,
285 1453 360 1536 quia
384 1451 522 1536 cognitio
547 1452 670 1535 culpae,
695 1452 876 1533 quaemihi
900 1453 1065 1534 profutura
1090 1454 1266 1520 uidebatur.

118 1561 196 1625 haec
229 1560 349 1635 nocuit,
373 1562 410 1624 ut
438 1559 551 1623 scirem
580 1559 664 1640 quod
694 1559 794 1623 uitare
827 1579 886 1623 uou
916 1564 1068 1642 poteram.
1102 1565 1265 1642 peccatum

120 1667 203 1732 euim
227 1666 366 1748 prodidit
389 1668 421 1728 et
444 1683 499 1747 per
522 1665 640 1728 bonurn
660 1664 908 1730 denuntiationis
928 1685 1005 1731 suae
1024 1668 1145 1750 peccati
1164 1667 1266 1750 ipsius

119 1773 281 1839 aceruauit
304 1771 467 1836 inuidiam.
491 1771 599 1852 itaquo
624 1790 720 1852 supra
743 1772 872 1836 modum
890 1772 1011 1837 facturn
1031 1779 1081 1838 est
1098 1778 1267 1856 peccatum
1294 1780 1315 1836 C

118 1880 209 1955 mini,
234 1880 309 1962 quia
328 1878 524 1943 cumulatum
545 1882 595 1942 est
613 1877 850 1943 denuntiatione
869 1879 1023 1954 mandati;
1049 1881 1164 1945 crescit
1183 1882 1266 1946 enim

76 2013 101 2051 re
121 1986 224 2072 culpa,
266 2006 339 2050 curn
379 1985 525 2069 proditur
566 2004 622 2049 uec
661 1988 800 2050 cauetur.
844 1986 1000 2066 quomodo
1039 2005 1111 2070 ergo
1149 1988 1267 2052 bonum

119 2094 313 2170 mandatum,
338 2093 422 2176 quod
446 2092 524 2156 mihi
549 2094 727 2156 moreest?
761 2096 817 2155 aut
849 2093 1006 2174 quomodo
1030 2113 1090 2157 non
1116 2098 1166 2158 est
1189 2095 1266 2158 mihi

120 2221 216 2278 mors,
240 2200 324 2284 quod
353 2199 549 2282 perbonam
587 2197 829 2280 significationis
868 2218 945 2263 suae
986 2199 1266 2266 demonstrandum

120 2312 286 2392 peccatum
311 2310 474 2389 operatum
499 2307 548 2369 est
571 2304 601 2368 in
625 2325 676 2369 me
699 2308 857 2370 mortem?
882 2325 953 2369 narn
974 2311 1096 2370 certum
1117 2308 1270 2389 estquod

119 2435 205 2480 mors
229 2415 307 2479 mihi
331 2415 477 2489 accessit,
502 2412 578 2476 dum
602 2411 791 2494 quodfacto
815 2431 953 2496 agnosco
982 2417 1159 2496 peccatum,
1184 2415 1269 2478 sicut

77 2547 103 2587 ro
121 2524 189 2608 ipso
214 2519 449 2586 dominurait:
484 2519 515 2582 si
543 2539 611 2584 non
639 2519 829 2583 uenisscm
859 2522 896 2583 ct
923 2521 1077 2585 locutus
1107 2520 1267 2584 fuissem

39 2625 76 2689 14
120 2630 189 2707 his,
222 2629 419 2712 peccatum
453 2644 521 2690 uon
554 2624 744 2690 habereut.
779 2624 856 2707 quid
885 2626 1009 2689 miraris
1037 2626 1136 2708 igitur
1163 2626 1190 2688 si
1217 2625 1267 2689 lex
1295 2634 1318 2687 D

120 2734 309 2819 quibusdam
325 2733 420 2798 morti
435 2732 488 2809 sit,
499 2752 573 2797 cum
588 2731 681 2796 morti
697 2732 740 2795 sit
754 2735 786 2796 ct
800 2731 919 2795 domini
937 2731 1083 2796 salutaris
1099 2732 1266 2808 aduentus,

118 2863 173 2926 per
197 2861 292 2925 quem
315 2838 472 2921 redempti
491 2843 625 2903 sumus?
648 2837 786 2902 infidelis
806 2838 890 2903 euim
908 2842 1044 2903 mortem
1064 2838 1125 2903 sibi
1144 2839 1267 2921 quaerit

207 2992 224 3044 6
243 2990 318 3043 Rom.
339 2989 363 3052 7,
384 2988 399 3042 7
454 2988 490 3042 20
508 2986 566 3042 ioh.
587 2988 628 3046 15.
648 2987 683 3039 22

152 3113 290 3183 2ῳιίιΔ
309 3116 339 3178 (a
358 3117 439 3176 erae.)
495 3111 597 3164 militae
616 3110 644 3163 P
662 3114 702 3175 (as
720 3112 768 3162 m2
787 3127 820 3163 ex
838 3114 877 3176 ee)
917 3109 1048 3164 raetica
1065 3110 1168 3164 iuncxit
1187 3111 1266 3163 Aml

117 3202 195 3256 dedit
216 3202 319 3255 iuncxit
342 3205 373 3267 (a.
394 3205 534 3270 peccatum
555 3198 631 3253 dedit
650 3198 694 3265 ad)
716 3200 798 3251 Am2
818 3197 894 3252 dedit
912 3199 1035 3253 adiunxit
1055 3199 1205 3261 (adiuuerit
1229 3198 1263 3263 V)

115 3291 209 3346 PVN.
223 3297 288 3360 post
306 3289 383 3343 dedit
402 3289 466 3343 adri.
488 3289 556 3342 liber
573 3306 593 3342 a.
613 3288 710 3342 Murci
731 3292 785 3341 510
802 3292 942 3357 peccatum
964 3292 994 3353 (a.
1013 3291 1060 3340 m2
1078 3290 1262 3357 pracceptum)

116 3380 201 3443 dedit,
223 3380 249 3433 Τ
265 3383 406 3450 peccatum
425 3378 535 3431 deleuit.
554 3379 586 3430 in
600 3377 629 3431 D
646 3376 733 3431 uerbo
751 3378 891 3446 peccatum
911 3375 989 3429 dedit
1006 3375 1129 3429 adiunxit
1148 3377 1264 3444 gratiam

113 3469 219 3538 scripta
238 3474 304 3522 euni
321 3469 354 3521 ire
371 3483 427 3520 roa.
446 3467 591 3520 uerborum
606 3465 729 3519 adiunxit
743 3465 868 3533 gratiam.
883 3464 926 3518 lex
940 3465 1010 3517 enirn
1030 3465 1104 3518 etin
1122 3481 1172 3533 mp.
1194 3466 1261 3518 odd·

114 3557 156 3611 lex
176 3557 248 3610 euim
312 3556 383 3610 eninr
404 3571 454 3609 orn.
473 3554 512 3607 N'
554 3554 779 3623 6esse...quia
797 3556 938 3623 peccatum
958 3569 1008 3606 om.
1034 3553 1097 3617 VN,
1116 3554 1148 3605 in
1166 3571 1216 3623 nep.
1239 3553 1264 3606 T

115 3649 214 3701 'Iaera
231 3647 259 3700 A
279 3650 306 3711 (a
319 3662 364 3714 pr.
384 3649 410 3697 et
429 3643 479 3696 alt.
495 3643 602 3710 partim
621 3646 702 3707 eran)
723 3658 785 3704 pera
802 3642 830 3695 P
909 3642 1046 3695 comulata
1064 3643 1091 3695 A
1153 3642 1262 3710 8quod

111 3751 134 3789 e.
149 3751 177 3787 u.
192 3736 239 3786 m2
253 3733 308 3786 ΔΡ
321 3735 349 3786 et
365 3731 438 3802 quod
456 3731 481 3784 T
498 3734 538 3796 (et
552 3731 614 3795 del.)
679 3730 776 3799 meam]
791 3731 820 3783 in
833 3747 875 3784 me
891 3735 952 3795 (om.
968 3737 1066 3799 posteo
1079 3730 1108 3783 in
1122 3736 1176 3795 ure)
1191 3731 1264 3786 um

113 3824 200 3877 9sub
221 3822 272 3876 del.
292 3827 338 3876 m2
356 3822 392 3886 A,
410 3838 431 3876 a.
451 3838 479 3874 u.
502 3820 534 3885 Τ,
554 3836 605 3875 om.
629 3819 685 3873 VN
733 3821 766 3873 13
780 3819 961 3873 acerbauitP
980 3824 1006 3885 (n
1019 3819 1144 3887 abm2)
1160 3820 1184 3874 a
1199 3823 1225 3884 (v
1238 3837 1259 3874 a.

111 3913 208 3979 bm3)
226 3912 252 3965 T
270 3916 297 3975 (n
315 3927 336 3965 a.
354 3911 372 3965 b
391 3914 444 3975 m1)
465 3916 511 3964 oet.
587 3910 620 3963 14
639 3908 800 3962 comulatam
819 3909 845 3961 A
925 3910 956 3963 17
977 3907 1214 3962 demonstrandum
1233 3909 1260 3960 A

112 4007 145 4066 (a.
158 4005 206 4055 m2
223 4001 237 4054 t
256 4000 301 4066 do)
321 4001 349 4054 P
366 4004 393 4067 (o
411 4003 460 4053 rn2
477 4015 498 4053 a.
518 4003 546 4064 u)
567 3996 777 4052 demonstrando
796 4004 843 4052 oet.
941 3997 973 4050 18
991 3999 1099 4063 nummi
1113 4000 1214 4050 certum
1235 4001 1259 4050 A

112 4092 269 4159 (ceterae.)
334 4091 367 4143 21
387 4088 430 4143 his
451 4089 481 4153 (h
499 4092 581 4153 croc)
601 4088 629 4141 A
690 4088 724 4140 22
743 4086 903 4191 quibusdam
924 4086 1004 4140 morti
1025 4090 1055 4151 (e.
1075 4089 1122 4138 m2
1139 4086 1152 4137 t
1171 4085 1217 4149 tis)
1233 4087 1259 4138 A

147 4206 293 4260 saluatoris
307 4206 333 4258 A
353 4208 384 4271 (a.
400 4207 446 4258 rn2
458 4205 472 4258 t
486 4204 622 4272 amaturis)
642 4203 667 4256 T
720 4203 754 4257 28
772 4201 891 4265 infidelis
910 4203 993 4256 Am2
