2804 5168
526 304 741 359 Praefatio.
1072 309 1209 374 XXXIII

64 522 171 568 ueram
191 499 381 582 scripturam
402 518 438 564 ac
456 497 649 563 relciendum
668 516 738 562 esse
758 499 880 563 Erasini
900 506 1114 566 commentum
1134 502 1210 565 orti-

63 630 151 687 noso,
180 607 265 692 quod
293 624 485 689 quamquam
513 605 666 670 sermonis
695 605 798 670 Latini
826 605 899 671 usui
926 606 1017 689 plane
1044 612 1211 692 repugnat,

63 738 84 782 a
105 715 220 781 ceteris
244 713 418 779 editoribus
438 713 676 795 comprobatum
696 731 778 777 nuno
797 712 828 775 in
847 713 956 777 lexicis
975 715 1095 779 Latinis
1115 719 1211 793 extat,

62 842 156 888 nemo
184 840 244 885 nnn
274 819 434 884 concedet.
473 818 528 884 sed
557 818 633 901 quid
662 838 697 882 er
724 818 840 883 litteris
871 819 1051 898 uNlATll',
1076 822 1209 902 quaein

64 929 116 995 PC
139 931 355 1013 leguntur-
379 946 451 990 nam
474 928 596 990 ceteros
620 945 681 989 non
706 944 781 989 curo
806 925 1043 990 -eruendum
1069 927 1112 991 sit
1135 947 1212 993 sane

65 1036 198 1100 dubium
232 1053 303 1098 esse
337 1033 473 1097 uidetur.
510 1031 635 1096 Erasmi
668 1031 849 1096 coniectura
880 1027 1055 1118 ἀκτινώδης,
1085 1053 1120 1097 ex
1149 1053 1211 1116 qua
1303 1110 1309 1121 ι

63 1141 161 1206 simul
189 1142 371 1223 portentum
400 1137 481 1202 illud
508 1138 649 1201 aelirroso
677 1138 843 1220 processit,
871 1142 955 1203 certe
983 1139 1097 1203 litteris
1125 1140 1156 1204 in
1185 1141 1211 1205 P

63 1247 193 1330 scriptis
220 1246 309 1310 nullo
338 1247 431 1327 pacto
460 1243 640 1326 respondet.
678 1243 756 1309 adde
785 1242 869 1326 quod
897 1244 1029 1309 uerbum
1055 1244 1210 1310 Graecum

63 1352 281 1436 quaerendum
314 1370 384 1416 esse
418 1351 554 1415 uidetur.
580 1349 665 1431 quod
693 1354 725 1413 et
752 1351 825 1414 uoci
855 1356 983 1413 aetuoso
1005 1353 1038 1414 et
1061 1351 1107 1415 eis
1131 1371 1212 1435 quae

63 1460 205 1544 proxime
234 1463 410 1541 sequuntur
437 1456 519 1538 qrnrd
540 1456 607 1540 fide
633 1456 836 1541 operibusque
858 1456 1049 1537 resplendeat
1074 1458 1212 1540 quodam

64 1566 160 1632 modo
186 1564 364 1631 conueniat.
390 1583 468 1646 quae
493 1583 564 1628 oum
589 1562 634 1626 ita
658 1562 732 1635 sint,
752 1558 877 1647 ἐναργής
900 1563 931 1626 in
956 1563 1112 1644 scriptura
1140 1564 1211 1628 libri

66 1674 91 1737 P
114 1673 213 1737 latere
244 1671 324 1735 mihi
352 1671 505 1753 persuasi.
545 1688 617 1733 narn
645 1672 677 1733 et
707 1669 883 1751 splendoris
907 1669 993 1733 notio
1017 1669 1091 1734 hnic
1115 1671 1211 1736 uerbo

65 1780 149 1844 inest
182 1782 224 1858 et,
257 1778 284 1843 si
317 1777 470 1860 originem
504 1775 573 1841 eius
606 1778 742 1856 spectas,
775 1775 869 1840 facile
901 1795 937 1840 ea
975 1776 1013 1840 ab
1043 1778 1212 1842 Ambrosio

64 1885 175 1950 eodem
206 1883 301 1949 modo
330 1902 392 1966 quo
418 1903 436 1946 a
458 1883 536 1946 uiris
565 1881 755 1963 quibusdam
780 1881 882 1946 doctis
907 1881 1002 1947 huius
1026 1883 1144 1948 saeculi
1168 1884 1213 1948 ita

64 1993 214 2074 explicari
242 1991 357 2075 potuit,
383 1994 419 2053 ut
447 1989 479 2053 id
508 2009 544 2054 ex
568 1989 673 2054 uerbis
698 1985 727 2050 ἐν
752 1985 828 2071 ἔργῳ
852 1990 1030 2072 profectum
1054 2010 1123 2056 esse
1147 1994 1212 2055 sta-

66 2102 219 2165 tueretur.
244 2117 338 2180 quam
364 2097 403 2161 ob
428 2116 494 2160 rem
518 2093 644 2179 ἐναργὴς
668 2097 696 2160 ei
721 2096 803 2179 quod
827 2097 904 2161 milri
929 2101 1000 2161 ante
1023 2099 1054 2162 in
1074 2102 1210 2162 mentem

64 2209 198 2271 uenerat
220 2201 341 2286 ἐνεργής
364 2202 521 2286 praeferre
545 2220 606 2265 non
632 2202 787 2267 dubitaui.
814 2201 948 2285 deniqne
972 2204 999 2266 si
1019 2206 1212 2286 corruptelas

67 2314 236 2377 uerborum
261 2310 453 2376 Graecorum
477 2308 507 2373 in
533 2308 621 2372 libris
645 2309 784 2391 antiquis
808 2310 1014 2391 repntaueris,
1033 2309 1212 2377 ΕΝΑΡΓΙΟ

67 2455 110 2467 -
134 2437 206 2482 nam
235 2416 294 2481 hoc
323 2415 417 2480 modo
446 2415 711 2498 pronuntiabatur
736 2453 772 2462 —
799 2415 829 2479 in
859 2416 1027 2481 uNlATlT
1057 2419 1213 2500 corrumpi

65 2524 210 2608 potuisse
234 2541 294 2587 non
319 2522 461 2606 negabis.

112 2632 146 2695 lu
174 2629 256 2694 libro
285 2629 339 2710 qui
369 2628 414 2693 de
444 2628 646 2712 Apologia
676 2628 805 2693 Dauid
837 2629 1021 2694 inscribitur
1049 2629 1211 2695 tractando
1232 2641 1333 2721 “32:3¹

67 2736 223 2821 singulari
247 2734 381 2817 quadam
406 2734 533 2799 fortuna
557 2735 700 2818 contigit,
723 2738 760 2799 ut
783 2735 907 2800 duobus
931 2735 1026 2800 simul
1051 2735 1213 2800 codicibus

66 2842 301 2925 antiquissimis
335 2841 426 2905 nobis
460 2842 507 2905 uti
540 2841 644 2919 liceat,
679 2842 873 2907 Bononiensi
906 2840 960 2927 (Β)
992 2846 1023 2906 et
1056 2842 1214 2906 Parisiaco

70 2952 154 3015 1732
179 2949 243 3032 (P).
268 2949 323 3013 sed
346 2948 497 3021 Fortuna,
522 2953 558 3011 ut
582 2952 632 3012 est
655 2949 714 3012 dea
736 2949 886 3033 maligna,
912 2967 991 3031 quae
1015 2949 1109 3013 modo
1133 2949 1214 3012 bona

69 3054 250 3122 hominibus
284 3054 348 3131 det,
376 3054 470 3119 modo
504 3054 578 3118 data
606 3054 729 3135 eripiat,
758 3055 789 3118 in
818 3055 876 3118 hac
903 3075 936 3119 re
965 3073 1090 3137 quoqne
1118 3053 1214 3118 animi

69 3163 118 3226 sui
138 3160 351 3226 mobilitatem
373 3158 523 3224 ostendit.
539 3179 612 3223 nam
628 3159 659 3223 id
676 3160 760 3242 quod
775 3181 804 3243 p.
819 3160 895 3224 XXI
909 3164 941 3225 et
954 3160 1059 3224 XXXI
1073 3160 1213 3242 exposui,

69 3269 98 3332 in
126 3266 322 3333 Bononiensi
351 3266 508 3330 sectiones
536 3266 626 3329 l-X
657 3271 688 3330 et
716 3267 899 3330 undecimae
922 3267 1049 3331 initium
1073 3271 1105 3329 et
1128 3284 1213 3347 prae·

69 3380 153 3440 terea
184 3377 258 3458 post
289 3373 366 3438 folia
397 3374 412 3437 I
446 3377 478 3437 et
509 3375 540 3437 ll
573 3373 646 3451 dno,
681 3373 797 3456 quibus
831 3374 927 3437 uerba
961 3376 1036 3451 308,
1067 3375 1087 3436 t
1117 3376 1214 3436 ‘reuo-

68 3481 312 3555 cauit’...309,
337 3482 379 3544 20
409 3482 484 3544 ‘tam
514 3480 618 3543 faeile'
646 3484 677 3545 et
707 3481 783 3557 311,
811 3481 850 3544 16
875 3481 1147 3547 ‘tamen‘...3l3.
1175 3481 1214 3544 16

70 3586 336 3672 ‘regenerationis‘
356 3585 606 3663 continebantur,
627 3586 657 3649 in
677 3586 835 3652 Parisiaco
855 3606 926 3669 pars
946 3587 1046 3651 maior
1065 3586 1215 3650 sectionis

70 3693 203 3758 XXXXI
233 3696 265 3757 et
293 3712 374 3775 quae
403 3696 580 3775 sequuntur
607 3712 715 3756 omnes
743 3693 829 3757 foliis
858 3693 1029 3774 deperditis
1051 3693 1215 3757 intercide-

68 3804 151 3867 runt.
191 3803 286 3881 atque
314 3798 402 3882 prius
431 3798 580 3862 damnum
609 3800 745 3881 quodam
773 3799 866 3863 modo
896 3800 1086 3884 apographis
1115 3801 1216 3863 Bono·

68 3906 200 3981 niensis,
228 3905 388 3970 Parisiaco
419 3906 526 3970 12137
556 3909 588 3970 et
617 3906 828 3992 Orontensi,¹)
856 3910 1036 3983 resarcitur,
1068 3909 1214 3984 alterum,

117 4115 136 4181 ι)
156 4113 307 4167 Duacensis
326 4115 378 4168 227
399 4114 455 4180 (Ι)’)
476 4131 505 4167 er
526 4114 556 4167 P‘
576 4114 714 4169 deriuatus
734 4120 783 4169 est.
813 4115 932 4170 eiusdem
957 4116 1069 4183 originis
1089 4119 1130 4169 est
1149 4115 1216 4169 Bru·

67 4203 161 4271 gensis
183 4201 242 4256 101.

98 4325 196 4367 11111.
212 4324 294 4366 Ambe.
307 4336 360 4376 pars
374 4329 395 4367 2.
1168 4325 1181 4362 c
