2804 5168
578 298 794 352 Praefatio.
1199 298 1257 362 VH

118 498 203 561 uelut
229 496 327 561 uerba
355 497 430 574 570,
463 498 494 559 l:
523 495 588 559 ‘uec
621 493 737 558 fefellit
769 493 885 557 dixisse
918 494 1052 576 aliquos,
1081 513 1154 558 eum
1188 499 1260 559 ante

116 605 172 669 hoc
204 603 336 667 biduum
369 605 524 665 tractatus
552 605 660 664 noster
687 619 795 665 eorum
825 601 1068 683 conpuncrisset
1095 601 1258 665 affectum:

115 711 188 792 quid
215 710 277 775 sibi
305 709 411 773 uoluit
434 709 603 790 episcopus
628 706 781 771 aduersus
805 707 1016 771 faeneratores
1036 710 1202 772 tractare?‘
1228 713 1260 772 et

113 817 174 881 loci
197 816 314 899 quibus
339 819 496 879 oratorem
514 813 669 896 populum
690 812 905 878 Christianum
923 814 955 878 iu
975 814 1111 879 ecclesia
1129 833 1259 898 congre-

113 928 221 1008 gatum
250 921 409 1006 appellare
432 920 639 983 manifestum
663 923 712 984 est
735 920 824 1001 (551,
849 922 868 984 8
894 940 974 1002 sqq„
999 921 1073 995 552,
1101 923 1156 995 12;
1182 923 1257 996 558,

115 1034 147 1107 l;
175 1030 251 1105 568,
281 1029 348 1112 18).
382 1027 516 1108 denique
546 1046 606 1091 non
634 1026 885 1108 praetermittam
912 1026 944 1091 in
972 1026 1023 1090 his
1052 1027 1154 1091 tribus
1183 1047 1259 1109 opu-

111 1137 209 1201 sculis
232 1134 439 1200 Ambrosium
462 1135 565 1198 multa
589 1153 625 1199 ex
648 1133 759 1198 Basilii
788 1133 985 1197 sermonibus
1014 1133 1259 1216 deprompsisse,

111 1262 172 1326 qua
196 1244 235 1308 de
258 1262 291 1306 re
315 1262 386 1307 mox
411 1241 590 1306 accuratius
614 1239 772 1325 agendum
797 1240 867 1305 erit.

155 1351 218 1417 Sed
242 1351 427 1434 priusquam
453 1348 491 1412 ad
515 1352 612 1431 caput
635 1348 770 1411 alterum
795 1346 1021 1430 disputationis
1045 1351 1171 1412 nostrae
1190 1368 1258 1432 pro-

110 1458 302 1543 gredIamun
331 1457 368 1520 de
400 1455 481 1520 libro
515 1455 570 1536 qui
601 1456 699 1537 uolgo
732 1453 933 1538 Apologia
965 1455 1095 1519 Dauid
1129 1457 1259 1520 altera

109 1571 243 1629 uocatur
279 1561 495 1645 exponendum
533 1561 611 1624 mihi
649 1580 718 1625 esse
755 1561 892 1625 uidetur.
937 1561 1020 1643 quod
1057 1563 1260 1643 opusculum,

107 1690 301 1754 quamquam
329 1669 367 1733 ab
396 1667 566 1732 Ambrosio
596 1667 811 1749 conscriptum
836 1686 907 1731 esse
931 1687 1023 1751 nego,
1049 1669 1086 1732 ab
1112 1688 1148 1732 eo
1173 1669 1258 1750 quod

108 1778 147 1843 de
188 1776 337 1860 apologia
372 1774 478 1839 Dauid
521 1773 560 1837 ad
597 1773 810 1838 Theodosium
848 1774 1032 1857 Augustum
1074 1775 1260 1839 inscribitur

107 1885 275 1968 seiungere
308 1887 403 1963 atque
436 1880 467 1944 in
501 1879 706 1961 appendicem
743 1880 882 1963 relegare
915 1881 1012 1955 nolui,
1046 1881 1102 1946 sed
1130 1901 1165 1947 eo
1196 1902 1258 1965 quo

105 1992 139 2055 iu
162 1989 381 2054 llaurinorum
406 1986 542 2051 editione
567 1985 757 2051 collocatum
782 1992 831 2051 est
849 1988 918 2051 loco
939 1987 1062 2071 reliqui,
1082 1991 1119 2051 ut
1137 1988 1261 2052 facilior

106 2098 176 2162 eius
214 2116 287 2161 cum
326 2095 463 2180 genuina
504 2093 651 2177 apologia
688 2098 774 2158 esset
811 2095 1014 2176 comparatio.
1053 2098 1085 2158 et
1120 2096 1256 2177 primum

105 2202 235 2285 quidem
269 2199 578 2267 commemorandum
612 2205 661 2264 est
692 2200 724 2263 id
757 2201 789 2263 in
822 2201 942 2285 optimo
972 2200 1080 2265 codice
1111 2202 1258 2266 Ilemensi

104 2312 172 2375 352
196 2310 248 2394 (T)
268 2312 300 2373 et
317 2307 514 2372 Bruxellensi
536 2307 681 2386 1893s99
702 2305 765 2393 (B),
787 2308 841 2389 qui
861 2308 980 2373 saeculi
1000 2307 1177 2373 duodecimi
1198 2311 1258 2391 est,
1386 2365 1390 2372 .

103 2416 312 2498 inscriptione
346 2433 406 2479 non
440 2415 563 2478 adiecta
595 2414 747 2479 traditum
782 2413 896 2498 esse¹).
927 2419 1020 2497 atque
1048 2415 1080 2479 in
1109 2416 1144 2490 Τ,
1175 2415 1259 2496 quod

104 2526 170 2589 iam
193 2523 225 2587 in
251 2521 345 2605 primi
368 2521 543 2586 uoluminis
562 2522 756 2603 praefatione
777 2521 923 2599 diximus,
944 2521 983 2585 ad
1003 2521 1120 2586 calcem
1140 2521 1259 2586 codicis

104 2630 184 2696 folia
212 2633 283 2694 octo
313 2627 458 2692 diuersae
482 2646 500 2690 a
524 2629 637 2693 ceteris
662 2629 781 2693 formae
806 2632 838 2692 et
862 2629 1037 2709 scripturae
1061 2627 1261 2712 adglutinata

106 2741 194 2811 sunt,
223 2736 255 2799 in
285 2735 401 2816 quibus
430 2734 462 2799 iu
490 2735 581 2799 binas
611 2736 774 2799 columnas
799 2736 912 2799 diuisis
937 2754 1031 2798 manu
1055 2735 1175 2799 saeculi
1198 2735 1259 2798 XII

106 2845 163 2910 uel
184 2843 262 2907 XIII
285 2842 402 2907 litteris
430 2842 563 2906 minutis
592 2862 651 2906 usa
678 2843 730 2906 hio
757 2843 885 2907 libellus
915 2846 1059 2906 exaratus
1088 2844 1146 2906 est.
1181 2861 1261 2922 quae

106 2950 186 3016 folia
210 2953 266 3014 aut
288 2967 324 3012 ex
348 2948 410 3013 alio
430 2948 537 3014 codice
558 2949 743 3031 deprompta
763 2953 819 3014 aut
839 2968 874 3014 ao
895 2948 1001 3012 addita
1021 2952 1095 3013 sunt
1115 2947 1259 3025 consilio,

108 3061 146 3122 ut
178 3056 259 3121 libro
287 3055 496 3120 Ambrosiano
531 3054 568 3119 de
601 3057 748 3140 apologia
776 3056 892 3133 Dauid,
922 3055 975 3137 qui
1003 3054 1034 3118 iu
1064 3056 1123 3119 hoc
1151 3054 1260 3119 codice

108 3163 239 3248 legitur,
273 3162 372 3226 altera
402 3160 459 3225 illa
491 3162 639 3245 apologia
670 3162 855 3228 adiceretur.
888 3163 920 3226 in
948 3161 1108 3225 Duaoensi
1141 3161 1261 3225 saeculi

110 3272 171 3335 XII
199 3268 397 3334 inscribitur:
426 3267 530 3332 ‘Liber
558 3268 716 3333 secundus
741 3270 842 3335 sancti
866 3268 1027 3333 Ambrosii
1052 3267 1090 3332 de
1114 3268 1261 3352 apologia

110 3376 227 3440 llauid'
254 3380 349 3456 atque
379 3373 485 3439 eadem
510 3375 674 3459 inscriptio
695 3376 726 3439 in
745 3376 933 3442 Nouarieusi
953 3373 1111 3459 (XLVIII)
1136 3375 1179 3437 20
1204 3373 1260 3457 (N)

112 3482 230 3547 saeculi
260 3482 347 3558 XIII,
376 3481 431 3563 qui
459 3483 550 3562 plane
575 3501 646 3546 cunr
672 3482 696 3545 Τ
722 3481 891 3564 conspirat,
915 3480 1021 3545 uerbis
1045 3480 1094 3544 ‘ad
1118 3477 1260 3544 Theodo-

113 3591 195 3653 sium
228 3590 425 3671 Augustum'
457 3589 614 3654 adiunctis
648 3589 820 3653 inuenitur.
858 3589 965 3670 itaque
999 3606 1078 3669 quae
1110 3586 1260 3668 primitus

113 3696 279 3779 inscriptio
303 3697 399 3760 fuerit
422 3697 514 3780 plane
537 3697 732 3779 ignoramus.
757 3715 837 3778 qrrae
862 3714 933 3760 cum
958 3695 1004 3759 ita
1027 3695 1100 3771 sint,
1124 3695 1261 3758 fortasse

115 3802 269 3886 suspicari
297 3802 375 3866 licet
402 3803 460 3868 hos
490 3822 650 3868 sermones
677 3839 714 3848 —
742 3822 811 3865 narn
842 3822 877 3865 ex
902 3802 1100 3865 sermonibus
1125 3819 1260 3883 opuseu-

115 3912 178 3974 lunr
203 3909 375 3973 conflatum
398 3928 468 3974 esse
490 3929 562 3973 mox
585 3909 789 3992 probabimus
814 3945 857 3954 -
881 3908 955 3973 olirn
979 3908 1010 3971 in
1036 3926 1164 3989 corpore
1185 3925 1260 3988 quo-

116 4017 184 4080 danr
220 4035 412 4096 sermonum,
444 4016 475 4080 id
509 4017 593 4099 quod
621 4017 651 4080 in
682 4015 838 4081 eiusmodi
867 4013 1055 4079 homiliariis
1084 4012 1167 4077 lraud
1191 4031 1258 4076 raro

160 4242 179 4312 ¹)
198 4244 226 4296 in
245 4241 269 4296 B
289 4241 408 4312 spatium
426 4241 595 4312 inscriptioni
614 4242 749 4304 relicturo,
767 4241 816 4295 sed
834 4258 888 4295 non
907 4240 1041 4310 expletum
1062 4243 1111 4292 est.
