2804 5168
335 308 377 363 Da
396 308 481 362 Tobia
502 309 542 373 16,
563 311 606 364 54.
625 312 659 364 55
697 312 720 375 (Ι
739 311 792 367 609
812 314 926 369 1)-610
945 314 988 382 D).
1194 323 1256 385 551

28 499 63 562 15
158 505 220 570 Sed
242 505 472 571 faeneratorum
497 525 555 571 uos
580 506 716 570 delectat
739 509 772 570 et
794 525 961 571 usurarum
991 510 1193 576 uocabulum.
1226 512 1258 576 id

112 631 237 695 quoque
264 632 325 678 non
353 611 493 677 inuideo.
528 611 646 677 docebo
670 611 828 692 quomodo
851 611 927 676 boni
951 613 1164 681 faeneratores
1188 636 1258 683 esse

111 719 255 802 possitis,
293 717 450 802 quomodo
487 717 585 783 bonas
624 718 782 800 quaeratis
820 737 944 784 usuras.
982 720 1061 786 dioit
1093 722 1257 789 Solonion:

111 826 298 890 foenerat
317 824 476 889 domino
497 824 558 907 qui
584 824 804 888 miseretur
826 827 1007 909 pauperi,
1039 828 1257 894 secundum

79 947 93 987 ⁶
114 932 249 1021 datum
274 936 405 996 antem
429 930 517 995 eius
541 930 749 995 retribuet
771 930 816 994 ei.
847 950 919 997 eeee
942 933 1060 999 bonum
1085 935 1194 1000 faenus
1220 935 1257 999 de

112 1038 195 1103 malo
219 1038 339 1102 factum
364 1041 423 1113 est,
448 1054 520 1101 ecoe
544 1036 835 1118 inreprehensibilis
857 1038 1041 1115 faenerator,
1065 1060 1137 1106 ecoe
1160 1061 1257 1106 usura
1279 1051 1302 1103 Β

112 1144 292 1210 laudabilis.
320 1143 418 1210 nolite
442 1162 516 1228 orgo
540 1144 604 1208 ianr
632 1163 683 1208 me
711 1143 907 1209 inuidentem
935 1147 1053 1211 nestris
1083 1148 1257 1213 commodis

112 1251 289 1316 aestimare.
313 1251 435 1334 putatis
460 1249 543 1334 quod
567 1250 726 1316 hominem
747 1251 839 1315 uobis
859 1253 1043 1317 subtraham
1064 1254 1258 1319 debitorem?

112 1357 207 1422 deum
234 1358 397 1440 prouideo,
427 1357 589 1423 Christum
618 1356 767 1441 subrogo,
798 1359 890 1422 illum
915 1358 1096 1426 demonstro
1121 1362 1174 1444 qui
1199 1381 1257 1426 uos

68 1482 94 1521 ro
111 1463 256 1528 fraudare
280 1482 339 1528 non
364 1464 477 1545 possit.
502 1465 660 1528 faenerato
683 1483 758 1547 ergo
783 1464 908 1530 domino
931 1468 1097 1547 pecuniam
1117 1470 1256 1532 uestram

111 1570 143 1634 in
178 1590 270 1634 manu
304 1572 462 1653 pauperis.
495 1571 550 1635 ille
583 1570 791 1654 adstringitur
823 1576 854 1635 et
882 1576 1018 1651 tenetur,
1056 1574 1109 1638 ille
1147 1574 1260 1638 scribit

113 1677 265 1760 quidquid
290 1697 410 1763 egenus
434 1677 592 1761 acceperit
613 1714 657 1723 —
681 1678 882 1761 euangelium
908 1679 976 1743 eius
997 1681 1101 1744 oerrtio
1126 1717 1179 1759 --,
1202 1680 1256 1743 illo

111 1784 270 1865 promittit
299 1803 354 1867 pro
389 1785 535 1849 omnibus
568 1784 797 1868 indigentibus,
833 1785 887 1848 ille
925 1786 1003 1850 dicit
1039 1786 1142 1850 fidem.
1180 1786 1256 1868 quid

111 1890 265 1954 dubitatis
299 1890 391 1955 dare?
425 1891 452 1955 31
482 1890 553 1973 quis
582 1890 675 1954 uobis
704 1890 794 1954 diues
823 1891 920 1955 huius
950 1893 1067 1956 saeculi
1097 1894 1300 1972 offeratur,c

68 2013 93 2053 ιε
112 1998 166 2080 qui
191 1997 251 2061 fide
275 1997 435 2080 promittit
458 2017 516 2061 sua
543 2016 599 2080 pro
629 1997 734 2079 aliquo
764 1997 917 2075 debitore,
946 1999 1054 2063 statim
1084 1998 1256 2063 numeratis

110 2103 287 2186 pecuniam.
334 2122 453 2186 pauper
494 2109 543 2167 est
584 2103 675 2168 uobis
718 2104 863 2168 dominus
911 2105 990 2168 caeli
1037 2110 1069 2169 et
1114 2105 1257 2169 eonditor

111 2210 222 2274 mundi
252 2210 359 2288 huius,
384 2214 417 2274 et
445 2210 547 2273 adhuc
582 2209 774 2287 deliberatis,
799 2230 892 2292 quem
926 2211 1070 2276 ditiorem
1106 2212 1256 2294 quaeritis

28 2323 63 2386 id
110 2316 341 2381 fideiussorem.
366 2317 422 2382 sed
445 2317 592 2401 allegatis
617 2317 691 2398 quia
714 2336 833 2399 pauper
856 2323 905 2382 est
934 2318 1048 2397 faetus,
1074 2338 1145 2383 oum
1165 2318 1255 2383 diues

111 2430 206 2491 esset.
232 2423 359 2488 uidistis
384 2443 458 2507 ergo
483 2424 556 2506 quia
579 2421 656 2488 fides
681 2423 750 2487 eius
770 2423 860 2488 diues
880 2428 939 2501 est,
958 2425 1036 2489 fides
1056 2426 1124 2490 eius
1144 2425 1255 2489 idonea

64 2546 91 2584 ²⁰
110 2533 170 2594 est.
208 2550 326 2614 pauper
358 2535 407 2595 est
439 2531 554 2609 factus,
587 2551 658 2596 oum
692 2549 747 2613 pro
781 2530 871 2595 nobis
904 2530 1053 2609 solueret,
1088 2535 1120 2596 et
1152 2530 1254 2594 adhue

109 2641 280 2719 paupertas
317 2637 387 2719 ipsa
426 2657 486 2702 nou
524 2638 655 2721 deoipit3
694 2656 751 2701 nos
788 2636 871 2700 eninr
905 2637 1022 2703 diuites
1054 2639 1141 2715 feeit,
1174 2657 1253 2719 quos

109 2761 263 2825 pauperes
296 2743 471 2826 putabatis.
504 2743 583 2808 dicit
610 2743 692 2808 enim
721 2742 900 2824 apostolus:
934 2762 1086 2825 pauper
1118 2743 1297 2810 factust)

199 3001 363 3056 dPronerb.
386 3003 427 3065 19,
449 3003 479 3056 17
499 3003 562 3056 Bae.
582 3003 634 3057 277
654 3001 700 3056 CD
722 3003 785 3070 (112
805 3003 838 3068 Ε)
894 3002 975 3056 2211
995 3001 1054 3057 Cor.
1074 3002 1101 3070 8,
1120 3005 1137 3056 9

147 3146 158 3198 1
181 3162 286 3198 usnrarn
307 3146 332 3197 P
349 3162 429 3199 usura
449 3151 477 3199 et
497 3146 520 3193 (Γ
573 3147 589 3200 3
607 3145 724 3215 possetis
742 3145 799 3198 PD
870 3146 955 3199 bonas
974 3147 998 3213 (s
1016 3162 1037 3198 o.
1056 3149 1097 3211 a.)
1116 3147 1253 3214 qrraeratis

109 3237 136 3301 (a
156 3234 205 3287 011.
226 3251 259 3287 ex
276 3234 297 3304 i)
318 3235 343 3286 P
430 3235 550 3287 salomon
571 3233 641 3307 libri⁸
725 3235 905 3288 detineretur
923 3234 962 3304 (re
980 3250 1001 3287 e.
1021 3238 1060 3299 u.)
1080 3234 1206 3304 pauperis
1230 3234 1255 3286 V

43 3346 46 3351 ’
107 3325 235 3376 dantem
254 3338 304 3375 om.
329 3323 355 3374 V
407 3322 686 3394 binreprphinsiuilis
705 3322 732 3375 B
751 3322 940 3392 inrephensilis
960 3322 986 3374 B
1042 3322 1138 3376 'Irnoa
1156 3322 1210 3375 ΡΤ
1227 3330 1252 3375 et

107 3413 134 3481 (a
143 3411 174 3464 io
183 3410 250 3478 roa.)
258 3411 286 3464 B
294 3427 336 3465 me
351 3411 406 3478 VO,
417 3428 467 3465 om.
475 3412 539 3465 DP‘
594 3410 760 3465 inuidentem
772 3411 832 3473 aD,
844 3410 1011 3464 inridentem
1022 3427 1064 3464 me
1076 3417 1129 3477 (nro
1138 3428 1159 3465 e.
1170 3416 1209 3476 a.)
1219 3412 1252 3464 P

107 3499 221 3553 8nobis
240 3501 268 3553 P
319 3489 418 3554 9dnnr
433 3500 499 3553 DP¹
555 3501 587 3555 10
607 3487 711 3553 dn‘rnP
781 3500 923 3570 pecuniam
944 3505 1060 3554 uestram
1081 3488 1253 3571 (110((11Τ)

106 3588 164 3641 BT
235 3589 265 3642 11
288 3587 467 3657 adstringitur
487 3595 514 3653 (n
533 3607 553 3643 a.
573 3589 661 3655 u.)V
739 3589 771 3642 12
791 3589 920 3658 acciperit
941 3590 965 3641 P
1036 3591 1068 3643 13
1087 3607 1135 3660 pro
1154 3607 1205 3645 om.
1225 3591 1252 3644 B

107 3678 140 3730 15
159 3678 297 3746 promittit
319 3677 346 3730 V
362 3681 390 3741 (a
407 3696 427 3731 a.
447 3678 456 3730 i
477 3678 539 3745 alt.)
563 3679 588 3732 Τ
605 3683 659 3745 (at
676 3682 733 3744 md)
807 3679 954 3731 nomenatis
975 3679 1001 3731 P
1055 3681 1087 3733 16
1106 3696 1251 3749 pauperem

107 3763 185 3818 uobis
205 3766 232 3818 P
321 3768 353 3819 17
368 3772 434 3836 poet
453 3766 534 3821 huius
554 3767 618 3821 add.
640 3769 750 3821 offertur
774 3767 800 3821 V
886 3766 1045 3821 deliberatis
1065 3768 1108 3837 (de
1127 3785 1148 3823 a.
1168 3770 1207 3838 u.)
1226 3768 1254 3822 P

143 3855 272 3922 quaeritis
290 3855 318 3908 B
336 3861 362 3908 et
381 3862 407 3922 (a
425 3871 447 3909 e.
467 3855 476 3908 i
491 3862 548 3923 pr.)
567 3856 597 3909 D
615 3857 751 3926 quaeritas
769 3856 797 3909 P
819 3856 978 3926 ques-eritis
1004 3856 1030 3908 V
1045 3857 1182 3926 quaeratis
1203 3865 1250 3910 oet.

108 3943 141 3996 18
161 3942 287 4011 allegatis
307 3942 341 3994 P‘
360 3946 386 4003 (e
404 3945 435 3996 in
455 3948 522 4006 rao.)
545 3945 568 3994 (2'
585 3944 705 4014 alligatis
724 3951 772 3999 cet.
851 3944 940 3998 factus
960 3947 1002 3997 ost
1021 3944 1084 3998 DP‘
1158 3947 1190 3999 19
1210 3946 1250 3998 ui·

107 4029 185 4083 distis
207 4049 224 4082 a
242 4030 318 4085 uides
338 4032 372 4084 P‘
391 4031 485 4085 uidisti
505 4038 552 4086 eet.
625 4035 659 4087 20
678 4034 765 4087 faetus
785 4036 827 4087 est
845 4033 910 4087 DP‘
988 4034 1077 4103 nobis]
1097 4033 1176 4088 bonis
1196 4035 1254 4087 BT

141 4120 261 4173 soluerat
279 4119 307 4189 (a
325 4137 359 4174 eae
378 4121 385 4173 i
405 4125 462 4185 012)
487 4120 511 4172 V
529 4123 642 4176 soluerit
661 4123 724 4175 DP‘
785 4124 817 4176 21
839 4123 924 4192 ipsius
942 4123 999 4175 ΒΤ
1059 4124 1093 4176 22
1112 4123 1251 4192 potabatis

105 4209 133 4261 P
150 4207 283 4278 putabitis
304 4215 331 4275 (a
348 4226 369 4263 a.
389 4209 397 4270 i
416 4214 473 4275 m2)
500 4210 526 4262 V
541 4211 645 4279 putatis
664 4212 691 4264 B
