2804 5168
412 303 452 355 ne
472 301 559 355 rana
578 301 603 364 a,
623 301 729 354 ro-aa
766 300 791 371 (Ι
805 301 856 356 ooo
871 299 982 355 n-oor
995 300 1037 370 n).

150 500 244 582 gulae
269 515 356 561 meae
380 501 556 579 sumptum,
582 497 698 562 soluite
726 499 872 579 paternae
901 515 1029 561 mensae
1057 497 1208 578 pretium3
1243 518 1297 564 uo·

151 605 228 669 mite
257 605 341 686 quod
369 625 429 669 non
460 605 647 678 decorastis,
676 604 797 668 reddite
826 604 910 685 quod
938 622 999 668 non
1027 604 1207 686 accepistis,
1237 605 1297 670 hoc

151 713 309 787 meliores,
334 712 419 793 quod
447 715 554 775 uestro
584 711 684 793 pretio
714 711 869 775 redimitis
897 713 1030 792 patrem,
1060 714 1168 775 uestra
1200 712 1298 776 serui-

151 825 220 884 tute
244 822 405 901 paternam
430 818 536 882 emitis
559 816 763 882 libertatem)

61 932 133 994 31⁵
197 926 273 988 Esto
298 928 335 989 ut
359 925 473 1006 aliquis
498 925 552 1007 qui
577 924 745 989 subuenire
769 924 874 1006 possit
902 923 1041 988 accedat.
1077 925 1147 1006 quis
1176 927 1297 989 tantam

153 1033 279 1114 expleat
307 1031 496 1114 Charybdin,
528 1033 600 1114 quis
629 1032 765 1096 rationes
793 1031 997 1096 faeneratoris
1032 1035 1192 1115 agnoscat,
1226 1032 1297 1114 quis

153 1140 319 1203 :arminiam
345 1138 450 1214 satiet,
475 1157 555 1219 quae
579 1158 640 1204 non
665 1138 726 1203 iste
750 1138 852 1220 pretia
875 1143 1050 1222 exaggeret,
1080 1158 1152 1203 cum
1182 1139 1301 1203 uiderit
1327 1150 1349 1203 l}

153 1246 405 1329 redemptorem?
430 1265 489 1310 non
515 1245 598 1310 enim
623 1265 680 1310 suo
705 1245 807 1330 magis
836 1247 922 1310 lucro
952 1265 1046 1327 quam
1075 1245 1176 1309 alieno
1206 1245 1299 1309 detri-

154 1357 259 1417 mento
292 1354 444 1436 pascitur.
484 1373 558 1418 uera
590 1353 742 1435 profecto,
776 1372 852 1417 uera
884 1361 934 1417 est
966 1356 1077 1435 utpote
1110 1353 1160 1417 dei
1193 1352 1301 1416 diuina

110 1488 136 1525 ro
154 1461 320 1536 sententia,
359 1461 412 1543 qui
446 1479 518 1525 curn
551 1460 652 1524 iratus
685 1465 771 1524 esset
801 1463 929 1542 propter
960 1460 1157 1543 impietatem
1189 1460 1300 1542 populi

154 1568 353 1643 ludaeorum,
378 1568 462 1650 quod
485 1570 559 1648 post
583 1567 657 1632 deos
682 1566 784 1631 abiret
807 1567 935 1643 alienon,
960 1567 1024 1632 cui
1047 1566 1151 1648 inquit
1172 1567 1300 1630 faene-

155 1673 283 1737 ratori
315 1674 484 1738 uendidi
514 1679 610 1739 uos?
640 1675 790 1739 uenditur
819 1676 901 1741 enim
931 1675 984 1756 qui
1013 1674 1174 1758 obligatus
1203 1675 1300 1738 fuerit

156 1781 342 1845 faeneratori
373 1786 405 1844 et
432 1781 582 1846 uenditur
610 1801 670 1845 non
699 1802 760 1846 uno
789 1783 901 1864 pretio,
930 1782 986 1846 sed
1014 1782 1197 1857 cottidiano,
1226 1802 1299 1845 uen-

156 1889 241 1953 ditur
264 1908 324 1952 non
349 1908 422 1952 eum
447 1888 638 1967 definitione,
663 1889 719 1953 sed
743 1908 814 1952 cum
839 1889 1020 1954 accessione
1039 1889 1195 1953 diuturna.
1220 1907 1301 1952 noua

113 2021 138 2059 ιε,
156 2015 322 2060 usurarum
361 1996 466 2060 auctio
504 2015 560 2076 per
591 2015 715 2060 menses
748 1995 903 2079 singulos,
936 2015 1019 2060 noua
1051 1994 1110 2059 sub
1144 1994 1301 2059 cotidiana
1328 2006 1350 2058 r

156 2103 330 2167 licitatione
360 2102 514 2167 uenditio.
547 2103 603 2184 qui
626 2104 698 2185 plus
724 2102 876 2185 optulerit
898 2103 997 2167 trahit
1020 2121 1153 2185 semper,
1179 2102 1300 2166 uenalis

157 2209 323 2284 addicitur,
348 2228 519 2290 numquam
545 2210 637 2291 quasi
660 2209 808 2273 uenditus
833 2209 1029 2274 aestimatur.
1062 2228 1176 2293 magna
1202 2208 1303 2292 igitur

157 2317 207 2381 uis
239 2315 384 2380 caelestis
414 2316 598 2380 sententiae.
632 2336 692 2380 non
722 2316 800 2380 satis
828 2316 986 2381 iudicauit
1013 2316 1158 2381 dominus
1183 2316 1299 2379 dicere:

157 2423 219 2488 cui
258 2422 424 2486 uendidi
461 2426 556 2487 uos?
594 2421 716 2486 addidit
748 2422 1010 2488 faeneratori.
1049 2423 1188 2486 offensus
1221 2423 1299 2486 nihil

111 2554 138 2593 oo
156 2529 261 2613 potuit
284 2528 414 2612 grauius
438 2529 589 2606 inuenire,
614 2548 675 2611 quo
700 2529 877 2593 uindicaret
899 2530 931 2594 in
955 2529 1101 2612 perfidos.
1130 2529 1299 2593 derelictus

156 2636 347 2719 expostulat,
372 2655 427 2700 eur
449 2635 494 2699 ita
516 2635 658 2720 fugerint
679 2636 792 2700 salutis
813 2640 984 2714 auctorem,
1005 2637 1094 2718 quasi
1114 2636 1300 2700 faeneratori

157 2764 211 2810 eos
240 2743 333 2807 alicui
363 2742 510 2807 dominus
540 2742 737 2807 uendidisset
765 2743 860 2827 digna
887 2763 989 2826 poena
1017 2743 1180 2808 domiuum
1207 2742 1300 2807 relin-

157 2850 292 2932 quentis.
326 2851 443 2914 habent
471 2850 554 2914 serui
584 2849 667 2932 quod
690 2851 828 2933 amplius
852 2870 946 2932 qnam
971 2851 1104 2914 carceris
1129 2869 1244 2933 poenas
1270 2855 1301 2913 et

156 2957 285 3020 uincula
308 2957 521 3034 reformident,
547 2956 665 3021 habent
686 2957 777 3021 liberi
802 2957 886 3039 quod
909 2961 1047 3039 paueant
1069 2976 1124 3040 pro
1143 2956 1300 3020 libertatis

65 3067 142 3130 322⁵
155 3064 287 3128 incuria.
321 3063 416 3127 simul
445 3062 526 3126 illud
555 3062 684 3127 aduerte
713 3062 796 3144 quod
824 3063 995 3127 faeneratio
1019 3062 1298 3145 praeuaricationis
1309 3073 1398 3129 toln

247 3291 259 3344 l
282 3290 315 3342 cf.
336 3289 384 3343 lob
404 3288 448 3348 20,
469 3291 502 3342 15
559 3289 589 3342 11
612 3288 682 3342 Esai.
703 3289 747 3350 50,
768 3291 781 3342 1

192 3415 208 3466 ·2
228 3431 280 3467 non
301 3419 366 3466 orate
385 3413 528 3481 accepistis
547 3429 598 3466 om.
618 3412 675 3465 ΒΙ)
730 3416 746 3466 5
767 3413 811 3480 qui
832 3429 883 3465 om.
902 3412 965 3464 DP
1039 3416 1132 3481 posset
1151 3413 1178 3466 P
1195 3419 1219 3466 et
1240 3414 1259 3477 (i
1278 3430 1299 3468 a.

157 3507 241 3561 em2l
257 3503 284 3555 B
320 3505 336 3555 5
350 3519 388 3570 eq.
409 3501 455 3570 qui
476 3501 537 3569 (ter)
553 3500 607 3552 BP
655 3504 671 3555 6
692 3499 836 3570 charybdin
856 3501 881 3551 V
898 3500 1038 3554 charibdin
1053 3501 1080 3553 P
1098 3507 1122 3554 ct
1141 3500 1168 3567 (h
1183 3518 1204 3555 s.
1219 3504 1259 3568 a.)
1274 3502 1301 3555 B

156 3591 305 3646 charibdim
328 3591 353 3643 T
370 3589 505 3659 carybdim
525 3589 553 3642 l)
572 3587 692 3642 caribdin
712 3590 747 3641 P‘
766 3588 880 3642 caibdim
902 3590 926 3641 G
997 3589 1108 3642 rationis
1127 3590 1155 3641 P
1203 3589 1299 3643 tired·

155 3682 298 3749 imptorern
317 3680 345 3732 P
361 3678 540 3732 redemtorem
565 3678 588 3730 V
606 3677 790 3747 redemptores
810 3679 874 3731 DP'
939 3679 968 3730 ll
992 3677 1095 3730 alienos
1115 3678 1221 3731 abirent
1237 3678 1300 3732 DP‘

191 3768 301 3821 uendidi
321 3785 369 3821 uos
389 3767 534 3820 feneratori
554 3767 617 3820 DP‘
675 3768 707 3820 12
726 3766 814 3819 fuerat
833 3767 887 3818 BP
933 3767 965 3819 13
985 3765 1111 3819 uenditor
1130 3768 1156 3819 P
1175 3773 1199 3820 et
1219 3773 1300 3832 (corr.

155 3862 212 3922 aad)
238 3856 263 3908 V
325 3858 358 3909 14
377 3855 541 3908 diffinitione
560 3854 653 3907 BI)P⁴
726 3854 895 3907 diumaBY
958 3855 989 3907 15
1009 3855 1080 3907 actio
1105 3855 1128 3906 Τ
1138 3858 1184 3907 m2
1257 3873 1300 3907 co·

155 3945 260 3999 tidiana
280 3948 326 4010 (na
345 3963 377 3998 ca:
395 3945 441 4012 no)
461 3944 487 3996 B
571 3945 602 3997 16
621 3945 739 3997 trahitur
757 3945 820 3998 Ι)Ρ’
840 3944 925 3997 trahit
945 3947 971 3996 et
993 3942 1018 3994 Τ
1099 3943 1131 3995 19
1152 3942 1256 3995 uindidi
1275 3945 1303 3996 P

192 4034 240 4086 scd
259 4033 366 4086 addidit
385 4033 473 4086 VDP‘
527 4033 562 4086 20
581 4031 713 4085 iudicaret
728 4032 808 4085 ΒΗ)
827 4031 976 4084 uindicanit
988 4032 1022 4084 P‘
1078 4029 1221 4083 derelictos
1236 4031 1300 4084 DP‘

156 4124 188 4175 21
214 4123 342 4191 fugerent
367 4122 447 4174 VBT
535 4123 569 4175 22
594 4121 675 4175 alicui
699 4120 823 4174 dominus
847 4138 892 4174 eos
911 4120 975 4173 DP‘
1068 4108 1147 4172 clnme
1164 4118 1191 4170 1)
1211 4119 1254 4172 dih
1274 4120 1301 4172 B

192 4212 369 4280 relinquentis
394 4211 444 4265 Vc
459 4210 643 4279 relinquentes
663 4217 708 4263 cet.
766 4211 799 4263 23
820 4209 951 4263 carcheris
971 4210 998 4263 P
