<?xml version="1.0" encoding="UTF-8"?>
<!DOCTYPE html PUBLIC "-//W3C//DTD XHTML 1.0 Transitional//EN"
    "http://www.w3.org/TR/xhtml1/DTD/xhtml1-transitional.dtd">
<html xmlns="http://www.w3.org/1999/xhtml" xml:lang="en" lang="en">
 <head>
  <title>
</title>
<meta http-equiv="Content-Type" content="text/html;charset=utf-8" />
  <meta name='ocr-system' content='tesseract 3.04.00' />
  <meta name='ocr-capabilities' content='ocr_page ocr_carea ocr_par ocr_line ocrx_word'/>
</head>
<body>
  <div class='ocr_page' id='page_1' title='image "./sanctiambrosiio04petsgoog/sanctiambrosiio04petsgoog_0558.png"; bbox 0 0 2804 5168; ppageno 0'>
   <div class='ocr_carea' id='block_1_1' title="bbox 320 317 1247 403">
    <p class='ocr_par' dir='ltr' id='par_1_1' title="bbox 320 317 1247 403">
     <span class='ocr_line' id='line_1_1' title="bbox 320 317 1247 403; baseline 0.004 -31"><span class='ocrx_word' id='word_1_1' title='bbox 320 319 362 372; x_wconf 89' lang='lat' dir='ltr'>De</span> <span class='ocrx_word' id='word_1_2' title='bbox 382 317 526 403; x_wconf 77' lang='lat' dir='ltr'>Nabuthae</span> <span class='ocrx_word' id='word_1_3' title='bbox 548 319 588 382; x_wconf 92' lang='lat' dir='ltr'>ll,</span> <span class='ocrx_word' id='word_1_4' title='bbox 607 319 714 372; x_wconf 78' lang='lat'>47-49</span> <span class='ocrx_word' id='word_1_5' title='bbox 744 319 768 383; x_wconf 91' lang='grc' dir='ltr'>(Ι</span> <span class='ocrx_word' id='word_1_6' title='bbox 787 319 839 374; x_wconf 83' lang='grc'>578</span> <span class='ocrx_word' id='word_1_7' title='bbox 859 319 968 374; x_wconf 76' lang='lat'>0-579</span> <span class='ocrx_word' id='word_1_8' title='bbox 988 318 1031 386; x_wconf 78' lang='lat' dir='ltr'>A).</span> <span class='ocrx_word' id='word_1_9' title='bbox 1182 324 1247 388; x_wconf 84' lang='grc'>495</span> 
     </span>
    </p>
   </div>
   <div class='ocr_carea' id='block_1_2' title="bbox 11 513 1342 2729">
    <p class='ocr_par' dir='ltr' id='par_1_2' title="bbox 11 513 1342 2729">
     <span class='ocr_line' id='line_1_2' title="bbox 102 513 1248 595; baseline 0.002 -18"><span class='ocrx_word' id='word_1_10' title='bbox 102 513 193 577; x_wconf 86' lang='lat' dir='ltr'>alteri</span> <span class='ocrx_word' id='word_1_11' title='bbox 225 513 337 577; x_wconf 91' lang='lat' dir='ltr'>mortis</span> <span class='ocrx_word' id='word_1_12' title='bbox 370 513 575 578; x_wconf 78' lang='lat' dir='ltr'>acerbitatem</span> <span class='ocrx_word' id='word_1_13' title='bbox 605 532 673 577; x_wconf 89' lang='lat' dir='ltr'>eam</span> <span class='ocrx_word' id='word_1_14' title='bbox 701 513 769 595; x_wconf 90' lang='lat' dir='ltr'>ipso</span> <span class='ocrx_word' id='word_1_15' title='bbox 798 513 909 577; x_wconf 92' lang='lat' dir='ltr'>mortis</span> <span class='ocrx_word' id='word_1_16' title='bbox 933 534 1009 578; x_wconf 90' lang='lat' dir='ltr'>suae</span> <span class='ocrx_word' id='word_1_17' title='bbox 1033 514 1161 579; x_wconf 91' lang='lat' dir='ltr'>horrore</span> <span class='ocrx_word' id='word_1_18' title='bbox 1186 515 1248 579; x_wconf 92' lang='lat' dir='ltr'>dis·</span> 
     </span>
     <span class='ocr_line' id='line_1_3' title="bbox 103 620 1248 705; baseline 0.003 -20"><span class='ocrx_word' id='word_1_19' title='bbox 103 623 227 685; x_wconf 90' lang='lat' dir='ltr'>soluere</span> <span class='ocrx_word' id='word_1_20' title='bbox 259 620 487 703; x_wconf 78' lang='lat' dir='ltr'>prohiberetur,</span> <span class='ocrx_word' id='word_1_21' title='bbox 522 620 722 684; x_wconf 85' lang='lat' dir='ltr'>inhumatum</span> <span class='ocrx_word' id='word_1_22' title='bbox 756 640 925 704; x_wconf 80' lang='lat' dir='ltr'>pauperem</span> <span class='ocrx_word' id='word_1_23' title='bbox 960 622 1038 685; x_wconf 89' lang='lat' dir='ltr'>deus</span> <span class='ocrx_word' id='word_1_24' title='bbox 1071 622 1188 705; x_wconf 76' lang='lat' dir='ltr'>aspicit</span> <span class='ocrx_word' id='word_1_25' title='bbox 1217 628 1248 688; x_wconf 91' lang='lat' dir='ltr'>et</span> 
     </span>
     <span class='ocr_line' id='line_1_4' title="bbox 102 726 1250 808; baseline 0.003 -17"><span class='ocrx_word' id='word_1_26' title='bbox 102 728 173 791; x_wconf 86' lang='lat' dir='ltr'>ideo</span> <span class='ocrx_word' id='word_1_27' title='bbox 202 726 397 808; x_wconf 90' lang='lat' dir='ltr'>insepultum</span> <span class='ocrx_word' id='word_1_28' title='bbox 426 726 559 790; x_wconf 93' lang='lat' dir='ltr'>diuitem</span> <span class='ocrx_word' id='word_1_29' title='bbox 587 727 689 790; x_wconf 89' lang='lat' dir='ltr'>iacere</span> <span class='ocrx_word' id='word_1_30' title='bbox 717 726 868 803; x_wconf 81' lang='lat' dir='ltr'>decernit,</span> <span class='ocrx_word' id='word_1_31' title='bbox 891 731 929 791; x_wconf 93' lang='lat' dir='ltr'>ut</span> <span class='ocrx_word' id='word_1_32' title='bbox 957 731 989 792; x_wconf 91' lang='lat' dir='ltr'>et</span> <span class='ocrx_word' id='word_1_33' title='bbox 1012 732 1157 793; x_wconf 90' lang='lat' dir='ltr'>mortuus</span> <span class='ocrx_word' id='word_1_34' title='bbox 1180 730 1250 794; x_wconf 93' lang='lat' dir='ltr'>luat</span> 
     </span>
     <span class='ocr_line' id='line_1_5' title="bbox 103 833 1249 919; baseline -0.001 -20"><span class='ocrx_word' id='word_1_35' title='bbox 103 855 179 899; x_wconf 90' lang='lat' dir='ltr'>suae</span> <span class='ocrx_word' id='word_1_36' title='bbox 207 834 385 916; x_wconf 84' lang='lat' dir='ltr'>iniquitatis</span> <span class='ocrx_word' id='word_1_37' title='bbox 414 853 595 897; x_wconf 84' lang='lat' dir='ltr'>aerumnam</span> <span class='ocrx_word' id='word_1_38' title='bbox 623 833 678 915; x_wconf 93' lang='lat' dir='ltr'>qui</span> <span class='ocrx_word' id='word_1_39' title='bbox 705 852 762 897; x_wconf 90' lang='lat' dir='ltr'>nec</span> <span class='ocrx_word' id='word_1_40' title='bbox 787 837 912 898; x_wconf 92' lang='lat' dir='ltr'>mortuo</span> <span class='ocrx_word' id='word_1_41' title='bbox 935 835 1064 917; x_wconf 89' lang='lat' dir='ltr'>putauit</span> <span class='ocrx_word' id='word_1_42' title='bbox 1086 855 1156 901; x_wconf 89' lang='lat' dir='ltr'>esse</span> <span class='ocrx_word' id='word_1_43' title='bbox 1180 856 1249 919; x_wconf 91' lang='lat' dir='ltr'>par·</span> 
     </span>
     <span class='ocr_line' id='line_1_6' title="bbox 72 939 1249 1024; baseline 0.003 -22"><span class='ocrx_word' id='word_1_44' title='bbox 72 942 248 1006; x_wconf 78' lang='lat' dir='ltr'>scendum.</span> <span class='ocrx_word' id='word_1_45' title='bbox 273 942 380 1023; x_wconf 91' lang='lat' dir='ltr'>itaque</span> <span class='ocrx_word' id='word_1_46' title='bbox 404 940 546 1004; x_wconf 89' lang='lat' dir='ltr'>uulneris</span> <span class='ocrx_word' id='word_1_47' title='bbox 570 939 621 1004; x_wconf 92' lang='lat' dir='ltr'>sui</span> <span class='ocrx_word' id='word_1_48' title='bbox 645 959 754 1004; x_wconf 90' lang='lat' dir='ltr'>cruore</span> <span class='ocrx_word' id='word_1_49' title='bbox 777 939 941 1021; x_wconf 83' lang='lat' dir='ltr'>perfusum</span> <span class='ocrx_word' id='word_1_50' title='bbox 965 940 1101 1005; x_wconf 87' lang='lat' dir='ltr'>cadauer</span> <span class='ocrx_word' id='word_1_51' title='bbox 1123 941 1153 1005; x_wconf 92' lang='lat' dir='ltr'>in</span> <span class='ocrx_word' id='word_1_52' title='bbox 1179 961 1249 1024; x_wconf 92' lang='lat' dir='ltr'>spe·</span> 
     </span>
     <span class='ocr_line' id='line_1_7' title="bbox 103 1046 1248 1131; baseline 0 -19"><span class='ocrx_word' id='word_1_53' title='bbox 103 1050 149 1112; x_wconf 92' lang='lat' dir='ltr'>cie</span> <span class='ocrx_word' id='word_1_54' title='bbox 178 1047 295 1113; x_wconf 87' lang='lat' dir='ltr'>funeris</span> <span class='ocrx_word' id='word_1_55' title='bbox 324 1048 410 1112; x_wconf 90' lang='lat' dir='ltr'>uitae</span> <span class='ocrx_word' id='word_1_56' title='bbox 439 1066 514 1111; x_wconf 92' lang='lat' dir='ltr'>suae</span> <span class='ocrx_word' id='word_1_57' title='bbox 542 1046 682 1128; x_wconf 84' lang='lat' dir='ltr'>prodidit</span> <span class='ocrx_word' id='word_1_58' title='bbox 711 1046 942 1111; x_wconf 88' lang='lat' dir='ltr'>crudelitatem.</span> <span class='ocrx_word' id='word_1_59' title='bbox 973 1048 1050 1111; x_wconf 87' lang='lat' dir='ltr'>haec</span> <span class='ocrx_word' id='word_1_60' title='bbox 1080 1067 1151 1112; x_wconf 86' lang='lat' dir='ltr'>curn</span> <span class='ocrx_word' id='word_1_61' title='bbox 1180 1068 1248 1131; x_wconf 91' lang='lat' dir='ltr'>per-</span> 
     </span>
     <span class='ocr_line' id='line_1_8' title="bbox 102 1152 1249 1238; baseline 0 -20"><span class='ocrx_word' id='word_1_62' title='bbox 102 1155 179 1218; x_wconf 85' lang='lat' dir='ltr'>tulit</span> <span class='ocrx_word' id='word_1_63' title='bbox 211 1173 339 1236; x_wconf 80' lang='lat' dir='ltr'>pauper,</span> <span class='ocrx_word' id='word_1_64' title='bbox 373 1153 463 1218; x_wconf 92' lang='lat' dir='ltr'>diues</span> <span class='ocrx_word' id='word_1_65' title='bbox 495 1153 697 1237; x_wconf 83' lang='lat' dir='ltr'>arguebatur,</span> <span class='ocrx_word' id='word_1_66' title='bbox 731 1172 804 1217; x_wconf 92' lang='lat' dir='ltr'>cum</span> <span class='ocrx_word' id='word_1_67' title='bbox 837 1152 927 1217; x_wconf 89' lang='lat' dir='ltr'>diues</span> <span class='ocrx_word' id='word_1_68' title='bbox 965 1154 1096 1236; x_wconf 80' lang='lat' dir='ltr'>excepit,</span> <span class='ocrx_word' id='word_1_69' title='bbox 1129 1175 1249 1238; x_wconf 88' lang='lat' dir='ltr'>pauper</span> 
     </span>
     <span class='ocr_line' id='line_1_9' title="bbox 11 1246 1297 1344; baseline -0.004 -20"><span class='ocrx_word' id='word_1_70' title='bbox 11 1246 55 1308; x_wconf 80' lang='grc'>49</span> <span class='ocrx_word' id='word_1_71' title='bbox 102 1262 331 1325; x_wconf 86' lang='lat' dir='ltr'>uindicabatur.</span> <span class='ocrx_word' id='word_1_72' title='bbox 366 1260 442 1343; x_wconf 87' lang='lat' dir='ltr'>quid</span> <span class='ocrx_word' id='word_1_73' title='bbox 470 1260 531 1324; x_wconf 88' lang='lat' dir='ltr'>sibi</span> <span class='ocrx_word' id='word_1_74' title='bbox 561 1264 667 1324; x_wconf 89' lang='lat' dir='ltr'>autern</span> <span class='ocrx_word' id='word_1_75' title='bbox 691 1261 764 1324; x_wconf 88' lang='lat' dir='ltr'>uult</span> <span class='ocrx_word' id='word_1_76' title='bbox 787 1260 871 1344; x_wconf 90' lang='lat' dir='ltr'>quod</span> <span class='ocrx_word' id='word_1_77' title='bbox 895 1262 1077 1325; x_wconf 81' lang='lat' dir='ltr'>meretrices</span> <span class='ocrx_word' id='word_1_78' title='bbox 1099 1262 1248 1326; x_wconf 90' lang='lat' dir='ltr'>laueruut</span> <span class='ocrx_word' id='word_1_79' title='bbox 1274 1265 1297 1319; x_wconf 74' lang='lat' dir='ltr'>F</span> 
     </span>
     <span class='ocr_line' id='line_1_10' title="bbox 102 1366 1247 1453; baseline -0.001 -21"><span class='ocrx_word' id='word_1_80' title='bbox 102 1370 132 1432; x_wconf 95' lang='lat' dir='ltr'>in</span> <span class='ocrx_word' id='word_1_81' title='bbox 158 1368 311 1453; x_wconf 86' lang='lat' dir='ltr'>sanguine</span> <span class='ocrx_word' id='word_1_82' title='bbox 335 1368 404 1432; x_wconf 92' lang='lat' dir='ltr'>eius</span> <span class='ocrx_word' id='word_1_83' title='bbox 428 1366 490 1431; x_wconf 91' lang='lat' dir='ltr'>nisi</span> <span class='ocrx_word' id='word_1_84' title='bbox 512 1367 592 1431; x_wconf 86' lang='lat' dir='ltr'>forte</span> <span class='ocrx_word' id='word_1_85' title='bbox 616 1369 653 1431; x_wconf 88' lang='lat' dir='ltr'>ut</span> <span class='ocrx_word' id='word_1_86' title='bbox 675 1366 854 1431; x_wconf 89' lang='lat' dir='ltr'>meretricia</span> <span class='ocrx_word' id='word_1_87' title='bbox 878 1367 1031 1450; x_wconf 87' lang='lat' dir='ltr'>quaedam</span> <span class='ocrx_word' id='word_1_88' title='bbox 1052 1368 1082 1432; x_wconf 93' lang='lat' dir='ltr'>iu</span> <span class='ocrx_word' id='word_1_89' title='bbox 1102 1368 1158 1432; x_wconf 90' lang='lat' dir='ltr'>illa</span> <span class='ocrx_word' id='word_1_90' title='bbox 1176 1368 1247 1433; x_wconf 87' lang='lat' dir='ltr'>feri·</span> 
     </span>
     <span class='ocr_line' id='line_1_11' title="bbox 59 1472 1248 1558; baseline 0.005 -25"><span class='ocrx_word' id='word_1_91' title='bbox 59 1479 167 1539; x_wconf 74' lang='grc'><strong>1013111</strong></span> <span class='ocrx_word' id='word_1_92' title='bbox 189 1474 290 1538; x_wconf 82' lang='lat' dir='ltr'>fuisse</span> <span class='ocrx_word' id='word_1_93' title='bbox 314 1474 398 1558; x_wconf 85' lang='lat' dir='ltr'>regis</span> <span class='ocrx_word' id='word_1_94' title='bbox 421 1472 554 1556; x_wconf 88' lang='lat' dir='ltr'>perfidia</span> <span class='ocrx_word' id='word_1_95' title='bbox 576 1474 761 1556; x_wconf 85' lang='lat' dir='ltr'>proderetur</span> <span class='ocrx_word' id='word_1_96' title='bbox 784 1475 837 1538; x_wconf 89' lang='lat' dir='ltr'>uel</span> <span class='ocrx_word' id='word_1_97' title='bbox 860 1478 989 1539; x_wconf 87' lang='lat' dir='ltr'>cruenta</span> <span class='ocrx_word' id='word_1_98' title='bbox 1019 1476 1168 1554; x_wconf 76' lang='lat' dir='ltr'>luxuries,</span> <span class='ocrx_word' id='word_1_99' title='bbox 1193 1476 1248 1557; x_wconf 88' lang='lat' dir='ltr'>qui</span> 
     </span>
     <span class='ocr_line' id='line_1_12' title="bbox 102 1578 1248 1659; baseline 0.002 -14"><span class='ocrx_word' id='word_1_100' title='bbox 102 1581 148 1645; x_wconf 87' lang='lat' dir='ltr'>sie</span> <span class='ocrx_word' id='word_1_101' title='bbox 181 1581 242 1643; x_wconf 84' lang='lat' dir='ltr'>fuit</span> <span class='ocrx_word' id='word_1_102' title='bbox 274 1580 467 1655; x_wconf 80' lang='lat' dir='ltr'>luxuriosus,</span> <span class='ocrx_word' id='word_1_103' title='bbox 501 1583 538 1643; x_wconf 92' lang='lat' dir='ltr'>nt</span> <span class='ocrx_word' id='word_1_104' title='bbox 569 1578 663 1643; x_wconf 92' lang='lat' dir='ltr'>holus</span> <span class='ocrx_word' id='word_1_105' title='bbox 696 1579 899 1658; x_wconf 86' lang='lat' dir='ltr'>desideraret,</span> <span class='ocrx_word' id='word_1_106' title='bbox 934 1582 980 1645; x_wconf 88' lang='lat' dir='ltr'>sic</span> <span class='ocrx_word' id='word_1_107' title='bbox 1013 1587 1173 1659; x_wconf 87' lang='lat' dir='ltr'>cruentus,</span> <span class='ocrx_word' id='word_1_108' title='bbox 1210 1587 1248 1647; x_wconf 89' lang='lat' dir='ltr'>ut</span> 
     </span>
     <span class='ocr_line' id='line_1_13' title="bbox 101 1684 1246 1774; baseline 0.003 -23"><span class='ocrx_word' id='word_1_109' title='bbox 101 1693 229 1771; x_wconf 90' lang='lat' dir='ltr'>propter</span> <span class='ocrx_word' id='word_1_110' title='bbox 251 1687 346 1751; x_wconf 91' lang='lat' dir='ltr'>holus</span> <span class='ocrx_word' id='word_1_111' title='bbox 370 1686 528 1750; x_wconf 90' lang='lat' dir='ltr'>hominem</span> <span class='ocrx_word' id='word_1_112' title='bbox 554 1684 730 1751; x_wconf 75' lang='lat' dir='ltr'>occideret?</span> <span class='ocrx_word' id='word_1_113' title='bbox 764 1687 859 1771; x_wconf 86' lang='lat' dir='ltr'>digna</span> <span class='ocrx_word' id='word_1_114' title='bbox 889 1707 1030 1765; x_wconf 88' lang='lat' dir='ltr'>auarum,</span> <span class='ocrx_word' id='word_1_115' title='bbox 1055 1690 1151 1774; x_wconf 87' lang='lat' dir='ltr'>digna</span> <span class='ocrx_word' id='word_1_116' title='bbox 1174 1709 1246 1754; x_wconf 87' lang='lat' dir='ltr'>aaa·</span> 
     </span>
     <span class='ocr_line' id='line_1_14' title="bbox 101 1791 1247 1879; baseline 0.003 -23"><span class='ocrx_word' id='word_1_117' title='bbox 101 1794 190 1858; x_wconf 86' lang='lat' dir='ltr'>ritiae</span> <span class='ocrx_word' id='word_1_118' title='bbox 220 1812 319 1876; x_wconf 89' lang='lat' dir='ltr'>poena</span> <span class='ocrx_word' id='word_1_119' title='bbox 347 1793 516 1857; x_wconf 87' lang='lat' dir='ltr'>consumit.</span> <span class='ocrx_word' id='word_1_120' title='bbox 550 1791 685 1875; x_wconf 90' lang='lat' dir='ltr'>denique</span> <span class='ocrx_word' id='word_1_121' title='bbox 713 1796 746 1857; x_wconf 90' lang='lat' dir='ltr'>et</span> <span class='ocrx_word' id='word_1_122' title='bbox 771 1795 895 1859; x_wconf 86' lang='lat' dir='ltr'>Iezabel</span> <span class='ocrx_word' id='word_1_123' title='bbox 917 1796 1019 1879; x_wconf 89' lang='lat' dir='ltr'>ipsam</span> <span class='ocrx_word' id='word_1_124' title='bbox 1044 1796 1247 1861; x_wconf 88' lang='lat' dir='ltr'>comederunt</span> 
     </span>
     <span class='ocr_line' id='line_1_15' title="bbox 102 1899 1245 1985; baseline 0.003 -21"><span class='ocrx_word' id='word_1_125' title='bbox 102 1920 194 1965; x_wconf 87' lang='lat' dir='ltr'>canes</span> <span class='ocrx_word' id='word_1_126' title='bbox 211 1905 242 1964; x_wconf 91' lang='lat' dir='ltr'>et</span> <span class='ocrx_word' id='word_1_127' title='bbox 256 1900 402 1964; x_wconf 89' lang='lat' dir='ltr'>uolucres</span> <span class='ocrx_word' id='word_1_128' title='bbox 418 1899 507 1977; x_wconf 87' lang='lat' dir='ltr'>caeli,</span> <span class='ocrx_word' id='word_1_129' title='bbox 523 1903 560 1963; x_wconf 93' lang='lat' dir='ltr'>ut</span> <span class='ocrx_word' id='word_1_130' title='bbox 574 1900 793 1965; x_wconf 87' lang='lat' dir='ltr'>ostenderetur</span> <span class='ocrx_word' id='word_1_131' title='bbox 812 1901 895 1983; x_wconf 92' lang='lat' dir='ltr'>quod</span> <span class='ocrx_word' id='word_1_132' title='bbox 914 1903 1066 1985; x_wconf 84' lang='lat' dir='ltr'>spiritalis</span> <span class='ocrx_word' id='word_1_133' title='bbox 1086 1903 1245 1985; x_wconf 87' lang='lat' dir='ltr'>nequitiae</span> 
     </span>
     <span class='ocr_line' id='line_1_16' title="bbox 57 2007 1342 2091; baseline -0.003 -21"><span class='ocrx_word' id='word_1_134' title='bbox 57 2032 81 2070; x_wconf 74' lang='lat' dir='ltr'>rs</span> <span class='ocrx_word' id='word_1_135' title='bbox 102 2007 157 2071; x_wconf 86' lang='lat' dir='ltr'>fiat</span> <span class='ocrx_word' id='word_1_136' title='bbox 178 2007 294 2091; x_wconf 87' lang='lat' dir='ltr'>praeda</span> <span class='ocrx_word' id='word_1_137' title='bbox 318 2007 428 2071; x_wconf 91' lang='lat' dir='ltr'>diuitis</span> <span class='ocrx_word' id='word_1_138' title='bbox 453 2007 626 2090; x_wconf 89' lang='lat' dir='ltr'>sepultura.</span> <span class='ocrx_word' id='word_1_139' title='bbox 650 2008 726 2091; x_wconf 86' lang='lat' dir='ltr'>fuge</span> <span class='ocrx_word' id='word_1_140' title='bbox 751 2025 836 2091; x_wconf 85' lang='lat' dir='ltr'>ergo,</span> <span class='ocrx_word' id='word_1_141' title='bbox 861 2007 961 2085; x_wconf 88' lang='lat' dir='ltr'>diues,</span> <span class='ocrx_word' id='word_1_142' title='bbox 980 2008 1166 2073; x_wconf 89' lang='lat' dir='ltr'>huiusmodi</span> <span class='ocrx_word' id='word_1_143' title='bbox 1185 2008 1243 2074; x_wconf 82' lang='lat' dir='ltr'>eri·</span> <span class='ocrx_word' id='word_1_144' title='bbox 1253 2013 1342 2067; x_wconf 75' lang='grc'><strong>5191</strong></span> 
     </span>
     <span class='ocr_line' id='line_1_17' title="bbox 101 2112 1245 2199; baseline 0 -21"><span class='ocrx_word' id='word_1_145' title='bbox 101 2120 179 2179; x_wconf 88' lang='lat' dir='ltr'>turn.</span> <span class='ocrx_word' id='word_1_146' title='bbox 214 2115 269 2179; x_wconf 90' lang='lat' dir='ltr'>sed</span> <span class='ocrx_word' id='word_1_147' title='bbox 302 2114 405 2198; x_wconf 80' lang='lat' dir='ltr'>fugies</span> <span class='ocrx_word' id='word_1_148' title='bbox 439 2112 595 2178; x_wconf 89' lang='lat' dir='ltr'>eiusmodi</span> <span class='ocrx_word' id='word_1_149' title='bbox 623 2115 753 2191; x_wconf 85' lang='lat' dir='ltr'>exitum,</span> <span class='ocrx_word' id='word_1_150' title='bbox 777 2115 804 2178; x_wconf 93' lang='lat' dir='ltr'>si</span> <span class='ocrx_word' id='word_1_151' title='bbox 833 2115 955 2198; x_wconf 81' lang='lat' dir='ltr'>fugeris</span> <span class='ocrx_word' id='word_1_152' title='bbox 979 2115 1135 2180; x_wconf 88' lang='lat' dir='ltr'>eiusmodi</span> <span class='ocrx_word' id='word_1_153' title='bbox 1157 2116 1245 2199; x_wconf 85' lang='lat' dir='ltr'>fiagi-</span> 
     </span>
     <span class='ocr_line' id='line_1_18' title="bbox 100 2222 1244 2305; baseline 0 -19"><span class='ocrx_word' id='word_1_154' title='bbox 100 2223 192 2287; x_wconf 88' lang='lat' dir='ltr'>tium.</span> <span class='ocrx_word' id='word_1_155' title='bbox 217 2222 282 2286; x_wconf 89' lang='lat' dir='ltr'>noli</span> <span class='ocrx_word' id='word_1_156' title='bbox 302 2241 371 2286; x_wconf 88' lang='lat' dir='ltr'>esse</span> <span class='ocrx_word' id='word_1_157' title='bbox 390 2222 511 2299; x_wconf 83' lang='lat' dir='ltr'>Achab,</span> <span class='ocrx_word' id='word_1_158' title='bbox 531 2224 567 2285; x_wconf 92' lang='lat' dir='ltr'>ut</span> <span class='ocrx_word' id='word_1_159' title='bbox 585 2222 821 2305; x_wconf 88' lang='lat' dir='ltr'>possessionem</span> <span class='ocrx_word' id='word_1_160' title='bbox 840 2222 1004 2286; x_wconf 88' lang='lat' dir='ltr'>finitimam</span> <span class='ocrx_word' id='word_1_161' title='bbox 1028 2222 1244 2304; x_wconf 89' lang='lat' dir='ltr'>concupiscas.</span> 
     </span>
     <span class='ocr_line' id='line_1_19' title="bbox 100 2329 1245 2411; baseline -0.001 -18"><span class='ocrx_word' id='word_1_162' title='bbox 100 2350 160 2393; x_wconf 94' lang='lat' dir='ltr'>non</span> <span class='ocrx_word' id='word_1_163' title='bbox 189 2329 248 2393; x_wconf 93' lang='lat' dir='ltr'>tihi</span> <span class='ocrx_word' id='word_1_164' title='bbox 278 2329 440 2393; x_wconf 90' lang='lat' dir='ltr'>cohabitet</span> <span class='ocrx_word' id='word_1_165' title='bbox 462 2329 586 2394; x_wconf 86' lang='lat' dir='ltr'>lezabel</span> <span class='ocrx_word' id='word_1_166' title='bbox 610 2329 667 2392; x_wconf 90' lang='lat' dir='ltr'>illa</span> <span class='ocrx_word' id='word_1_167' title='bbox 689 2329 797 2393; x_wconf 79' lang='lat' dir='ltr'>feralis</span> <span class='ocrx_word' id='word_1_168' title='bbox 822 2329 965 2403; x_wconf 84' lang='lat' dir='ltr'>auaritia,</span> <span class='ocrx_word' id='word_1_169' title='bbox 991 2348 1070 2411; x_wconf 90' lang='lat' dir='ltr'>quae</span> <span class='ocrx_word' id='word_1_170' title='bbox 1094 2329 1153 2393; x_wconf 92' lang='lat' dir='ltr'>tibi</span> <span class='ocrx_word' id='word_1_171' title='bbox 1177 2347 1245 2392; x_wconf 94' lang='lat' dir='ltr'>cru-</span> 
     </span>
     <span class='ocr_line' id='line_1_20' title="bbox 100 2434 1245 2518; baseline -0.001 -19"><span class='ocrx_word' id='word_1_172' title='bbox 100 2439 172 2500; x_wconf 90' lang='lat' dir='ltr'>enta</span> <span class='ocrx_word' id='word_1_173' title='bbox 203 2436 402 2517; x_wconf 85' lang='lat' dir='ltr'>persuadeat,</span> <span class='ocrx_word' id='word_1_174' title='bbox 428 2455 507 2517; x_wconf 89' lang='lat' dir='ltr'>quae</span> <span class='ocrx_word' id='word_1_175' title='bbox 540 2435 731 2518; x_wconf 87' lang='lat' dir='ltr'>cupiditates</span> <span class='ocrx_word' id='word_1_176' title='bbox 764 2439 836 2500; x_wconf 89' lang='lat' dir='ltr'>tuas</span> <span class='ocrx_word' id='word_1_177' title='bbox 869 2455 929 2499; x_wconf 92' lang='lat' dir='ltr'>non</span> <span class='ocrx_word' id='word_1_178' title='bbox 957 2438 1096 2513; x_wconf 89' lang='lat' dir='ltr'>reuocet,</span> <span class='ocrx_word' id='word_1_179' title='bbox 1121 2434 1176 2500; x_wconf 92' lang='lat' dir='ltr'>sed</span> <span class='ocrx_word' id='word_1_180' title='bbox 1199 2435 1245 2499; x_wconf 91' lang='lat' dir='ltr'>in·</span> 
     </span>
     <span class='ocr_line' id='line_1_21' title="bbox 57 2541 1245 2625; baseline 0.002 -22"><span class='ocrx_word' id='word_1_181' title='bbox 57 2565 83 2605; x_wconf 79' lang='lat'>20</span> <span class='ocrx_word' id='word_1_182' title='bbox 100 2543 208 2624; x_wconf 89' lang='lat' dir='ltr'>pellat,</span> <span class='ocrx_word' id='word_1_183' title='bbox 233 2561 312 2623; x_wconf 88' lang='lat' dir='ltr'>quae</span> <span class='ocrx_word' id='word_1_184' title='bbox 336 2544 368 2605; x_wconf 92' lang='lat' dir='ltr'>te</span> <span class='ocrx_word' id='word_1_185' title='bbox 392 2542 489 2606; x_wconf 81' lang='lat' dir='ltr'>faeiat</span> <span class='ocrx_word' id='word_1_186' title='bbox 509 2542 683 2606; x_wconf 88' lang='lat' dir='ltr'>tristiorem</span> <span class='ocrx_word' id='word_1_187' title='bbox 708 2541 815 2619; x_wconf 87' lang='lat' dir='ltr'>etiam,</span> <span class='ocrx_word' id='word_1_188' title='bbox 840 2561 912 2606; x_wconf 93' lang='lat' dir='ltr'>cum</span> <span class='ocrx_word' id='word_1_189' title='bbox 937 2541 1115 2607; x_wconf 87' lang='lat' dir='ltr'>desiderata</span> <span class='ocrx_word' id='word_1_190' title='bbox 1137 2560 1245 2625; x_wconf 92' lang='lat' dir='ltr'>posse-</span> 
     </span>
     <span class='ocr_line' id='line_1_22' title="bbox 101 2648 972 2729; baseline 0.005 -19"><span class='ocrx_word' id='word_1_191' title='bbox 101 2648 193 2727; x_wconf 88' lang='lat' dir='ltr'>deris,</span> <span class='ocrx_word' id='word_1_192' title='bbox 218 2667 298 2729; x_wconf 90' lang='lat' dir='ltr'>quae</span> <span class='ocrx_word' id='word_1_193' title='bbox 322 2651 354 2712; x_wconf 89' lang='lat' dir='ltr'>te</span> <span class='ocrx_word' id='word_1_194' title='bbox 377 2648 475 2713; x_wconf 87' lang='lat' dir='ltr'>faciat</span> <span class='ocrx_word' id='word_1_195' title='bbox 496 2649 628 2725; x_wconf 87' lang='lat' dir='ltr'>nudum,</span> <span class='ocrx_word' id='word_1_196' title='bbox 653 2668 726 2713; x_wconf 92' lang='lat' dir='ltr'>cum</span> <span class='ocrx_word' id='word_1_197' title='bbox 751 2649 840 2713; x_wconf 90' lang='lat' dir='ltr'>diues</span> <span class='ocrx_word' id='word_1_198' title='bbox 864 2649 972 2714; x_wconf 88' lang='lat' dir='ltr'>fueris.</span> 
     </span>
    </p>
   </div>
   <div class='ocr_carea' id='block_1_3' title="bbox 189 2855 826 2924">
    <p class='ocr_par' dir='ltr' id='par_1_3' title="bbox 189 2855 826 2924">
     <span class='ocr_line' id='line_1_23' title="bbox 189 2855 826 2924; baseline 0.003 -15"><span class='ocrx_word' id='word_1_199' title='bbox 189 2856 290 2924; x_wconf 66' lang='lat' dir='ltr'>arieg.</span> <span class='ocrx_word' id='word_1_200' title='bbox 316 2856 358 2909; x_wconf 92' lang='lat' dir='ltr'>lll</span> <span class='ocrx_word' id='word_1_201' title='bbox 378 2857 420 2922; x_wconf 78' lang='lat'>2‘2,</span> <span class='ocrx_word' id='word_1_202' title='bbox 440 2856 474 2909; x_wconf 79' lang='lat'>38</span> <span class='ocrx_word' id='word_1_203' title='bbox 531 2856 563 2908; x_wconf 86' lang='lat'>13</span> <span class='ocrx_word' id='word_1_204' title='bbox 582 2855 649 2924; x_wconf 85' lang='lat' dir='ltr'>Reg.</span> <span class='ocrx_word' id='word_1_205' title='bbox 669 2855 771 2914; x_wconf 86' lang='lat'>11119.</span> <span class='ocrx_word' id='word_1_206' title='bbox 792 2857 826 2911; x_wconf 88' lang='grc'>36</span> 
     </span>
    </p>
   </div>
   <div class='ocr_carea' id='block_1_4' title="bbox 93 2988 1245 4300">
    <p class='ocr_par' dir='ltr' id='par_1_4' title="bbox 93 2988 1245 4300">
     <span class='ocr_line' id='line_1_24' title="bbox 137 2988 1245 3058; baseline 0.003 -16"><span class='ocrx_word' id='word_1_207' title='bbox 137 2990 147 3042; x_wconf 93' lang='grc'>1</span> <span class='ocrx_word' id='word_1_208' title='bbox 170 3007 259 3042; x_wconf 83' lang='lat' dir='ltr'>errore</span> <span class='ocrx_word' id='word_1_209' title='bbox 279 2990 305 3042; x_wconf 94' lang='lat' dir='ltr'><em>P</em></span> <span class='ocrx_word' id='word_1_210' title='bbox 376 2989 537 3042; x_wconf 79' lang='lat' dir='ltr'>dissoluerat</span> <span class='ocrx_word' id='word_1_211' title='bbox 556 2993 578 3054; x_wconf 75' lang='lat' dir='ltr'>lt</span> <span class='ocrx_word' id='word_1_212' title='bbox 597 2988 648 3042; x_wconf 81' lang='lat' dir='ltr'>del.</span> <span class='ocrx_word' id='word_1_213' title='bbox 668 2991 726 3058; x_wconf 78' lang='lat' dir='ltr'>rra-3)</span> <span class='ocrx_word' id='word_1_214' title='bbox 746 2989 773 3041; x_wconf 93' lang='lat' dir='ltr'><strong><em>P</em></strong></span> <span class='ocrx_word' id='word_1_215' title='bbox 824 2990 840 3042; x_wconf 85' lang='lat'>2</span> <span class='ocrx_word' id='word_1_216' title='bbox 860 2989 1049 3058; x_wconf 85' lang='lat' dir='ltr'>prohiberetur</span> <span class='ocrx_word' id='word_1_217' title='bbox 1063 2991 1089 3043; x_wconf 94' lang='lat' dir='ltr'><em>P</em></span> <span class='ocrx_word' id='word_1_218' title='bbox 1105 2991 1245 3046; x_wconf 90' lang='lat' dir='ltr'>iuberetur</span> 
     </span>
     <span class='ocr_line' id='line_1_25' title="bbox 98 3077 1243 3149; baseline 0.001 -17"><span class='ocrx_word' id='word_1_219' title='bbox 98 3079 303 3133; x_wconf 81' lang='lat' dir='ltr'><em>RBAP¹DLT</em></span> <span class='ocrx_word' id='word_1_220' title='bbox 320 3077 478 3148; x_wconf 84' lang='lat' dir='ltr'>proderetur</span> <span class='ocrx_word' id='word_1_221' title='bbox 497 3085 543 3132; x_wconf 80' lang='lat' dir='ltr'>eet.</span> <span class='ocrx_word' id='word_1_222' title='bbox 599 3080 615 3131; x_wconf 83' lang='lat'><strong>3</strong></span> <span class='ocrx_word' id='word_1_223' title='bbox 634 3082 754 3132; x_wconf 90' lang='lat' dir='ltr'>mortuos</span> <span class='ocrx_word' id='word_1_224' title='bbox 773 3081 800 3147; x_wconf 81' lang='lat' dir='ltr'>(v</span> <span class='ocrx_word' id='word_1_225' title='bbox 818 3094 840 3133; x_wconf 87' lang='lat' dir='ltr'>s.</span> <span class='ocrx_word' id='word_1_226' title='bbox 861 3096 876 3130; x_wconf 94' lang='lat' dir='ltr'>o</span> <span class='ocrx_word' id='word_1_227' title='bbox 897 3079 957 3146; x_wconf 81' lang='lat' dir='ltr'>ult.)</span> <span class='ocrx_word' id='word_1_228' title='bbox 972 3080 1000 3131; x_wconf 91' lang='lat' dir='ltr'><strong><em>P</em></strong></span> <span class='ocrx_word' id='word_1_229' title='bbox 1052 3081 1069 3132; x_wconf 82' lang='lat'><strong>4</strong></span> <span class='ocrx_word' id='word_1_230' title='bbox 1088 3082 1196 3149; x_wconf 85' lang='lat' dir='ltr'>putauit</span> <span class='ocrx_word' id='word_1_231' title='bbox 1216 3084 1243 3144; x_wconf 88' lang='lat' dir='ltr'>(v</span> 
     </span>
     <span class='ocr_line' id='line_1_26' title="bbox 98 3166 1243 3237; baseline -0.001 -17"><span class='ocrx_word' id='word_1_232' title='bbox 98 3185 119 3220; x_wconf 88' lang='lat' dir='ltr'>s.</span> <span class='ocrx_word' id='word_1_233' title='bbox 139 3184 154 3220; x_wconf 93' lang='lat' dir='ltr'>o</span> <span class='ocrx_word' id='word_1_234' title='bbox 173 3170 230 3227; x_wconf 72' lang='lat' dir='ltr'>nr3r</span> <span class='ocrx_word' id='word_1_235' title='bbox 251 3168 278 3220; x_wconf 88' lang='lat' dir='ltr'><strong><em>P</em></strong></span> <span class='ocrx_word' id='word_1_236' title='bbox 322 3168 337 3219; x_wconf 83' lang='lat'>5</span> <span class='ocrx_word' id='word_1_237' title='bbox 356 3167 384 3219; x_wconf 93' lang='lat' dir='ltr'>in</span> <span class='ocrx_word' id='word_1_238' title='bbox 404 3167 494 3236; x_wconf 88' lang='lat' dir='ltr'>specie</span> <span class='ocrx_word' id='word_1_239' title='bbox 512 3167 611 3234; x_wconf 67' lang='lat' dir='ltr'>sampsi</span> <span class='ocrx_word' id='word_1_240' title='bbox 629 3167 657 3219; x_wconf 93' lang='lat' dir='ltr'>in</span> <span class='ocrx_word' id='word_1_241' title='bbox 676 3166 780 3235; x_wconf 84' lang='lat' dir='ltr'>species</span> <span class='ocrx_word' id='word_1_242' title='bbox 799 3166 827 3220; x_wconf 86' lang='lat' dir='ltr'><em>R</em></span> <span class='ocrx_word' id='word_1_243' title='bbox 846 3167 948 3235; x_wconf 85' lang='lat' dir='ltr'>species</span> <span class='ocrx_word' id='word_1_244' title='bbox 968 3168 1030 3237; x_wconf 77' lang='lat' dir='ltr'>(ora.</span> <span class='ocrx_word' id='word_1_245' title='bbox 1049 3168 1089 3234; x_wconf 95' lang='lat' dir='ltr'>in)</span> <span class='ocrx_word' id='word_1_246' title='bbox 1109 3168 1136 3220; x_wconf 75' lang='lat' dir='ltr'><strong><em>A</em></strong></span> <span class='ocrx_word' id='word_1_247' title='bbox 1154 3168 1243 3236; x_wconf 86' lang='lat' dir='ltr'>specie</span> 
     </span>
     <span class='ocr_line' id='line_1_27' title="bbox 100 3253 1245 3324; baseline -0.002 -16"><span class='ocrx_word' id='word_1_248' title='bbox 100 3262 161 3318; x_wconf 80' lang='lat' dir='ltr'>(ona.</span> <span class='ocrx_word' id='word_1_249' title='bbox 181 3256 219 3322; x_wconf 89' lang='lat' dir='ltr'>iu)</span> <span class='ocrx_word' id='word_1_250' title='bbox 241 3255 337 3308; x_wconf 81' lang='lat' dir='ltr'><strong><em>CB‘N‘</em></strong></span> <span class='ocrx_word' id='word_1_251' title='bbox 358 3256 384 3307; x_wconf 91' lang='lat' dir='ltr'>iu</span> <span class='ocrx_word' id='word_1_252' title='bbox 404 3255 521 3324; x_wconf 89' lang='lat' dir='ltr'>speciem</span> <span class='ocrx_word' id='word_1_253' title='bbox 540 3261 588 3308; x_wconf 84' lang='lat' dir='ltr'>cet.</span> <span class='ocrx_word' id='word_1_254' title='bbox 644 3256 658 3307; x_wconf 86' lang='grc'><strong>7</strong></span> <span class='ocrx_word' id='word_1_255' title='bbox 679 3253 755 3308; x_wconf 87' lang='lat' dir='ltr'>diues</span> <span class='ocrx_word' id='word_1_256' title='bbox 771 3255 819 3307; x_wconf 86' lang='lat' dir='ltr'>alt.</span> <span class='ocrx_word' id='word_1_257' title='bbox 841 3257 881 3319; x_wconf 84' lang='lat' dir='ltr'>(es</span> <span class='ocrx_word' id='word_1_258' title='bbox 900 3271 933 3308; x_wconf 75' lang='lat' dir='ltr'>ea</span> <span class='ocrx_word' id='word_1_259' title='bbox 951 3256 973 3308; x_wconf 80' lang='lat' dir='ltr'>is</span> <span class='ocrx_word' id='word_1_260' title='bbox 992 3259 1049 3320; x_wconf 84' lang='lat' dir='ltr'>m3)</span> <span class='ocrx_word' id='word_1_261' title='bbox 1064 3255 1091 3307; x_wconf 93' lang='lat' dir='ltr'>P</span> <span class='ocrx_word' id='word_1_262' title='bbox 1145 3255 1245 3323; x_wconf 84' lang='lat' dir='ltr'>exeipit</span> 
     </span>
     <span class='ocr_line' id='line_1_28' title="bbox 98 3342 1243 3412; baseline -0.003 -15"><span class='ocrx_word' id='word_1_263' title='bbox 98 3345 125 3397; x_wconf 92' lang='lat' dir='ltr'><em>P</em></span> <span class='ocrx_word' id='word_1_264' title='bbox 138 3347 217 3412; x_wconf 85' lang='lat' dir='ltr'>(corr.</span> <span class='ocrx_word' id='word_1_265' title='bbox 230 3348 287 3410; x_wconf 72' lang='lat' dir='ltr'>md)</span> <span class='ocrx_word' id='word_1_266' title='bbox 301 3343 441 3398; x_wconf 77' lang='lat' dir='ltr'><em>RBALT</em></span> <span class='ocrx_word' id='word_1_267' title='bbox 519 3360 632 3412; x_wconf 89' lang='lat' dir='ltr'>poenam</span> <span class='ocrx_word' id='word_1_268' title='bbox 653 3348 752 3412; x_wconf 91' lang='lat' dir='ltr'>(poena</span> <span class='ocrx_word' id='word_1_269' title='bbox 772 3342 806 3408; x_wconf 72' lang='lat'>0)</span> <span class='ocrx_word' id='word_1_270' title='bbox 826 3360 929 3412; x_wconf 85' lang='lat' dir='ltr'>pauper</span> <span class='ocrx_word' id='word_1_271' title='bbox 949 3343 1045 3396; x_wconf 80' lang='lat' dir='ltr'><strong><em>CB‘N&#39;</em></strong></span> <span class='ocrx_word' id='word_1_272' title='bbox 1118 3342 1134 3395; x_wconf 91' lang='lat'><em>8</em></span> <span class='ocrx_word' id='word_1_273' title='bbox 1153 3342 1243 3395; x_wconf 91' lang='lat' dir='ltr'>uindi-</span> 
     </span>
     <span class='ocr_line' id='line_1_29' title="bbox 99 3431 1243 3498; baseline -0.001 -13"><span class='ocrx_word' id='word_1_274' title='bbox 99 3438 176 3486; x_wconf 86' lang='lat' dir='ltr'>catur</span> <span class='ocrx_word' id='word_1_275' title='bbox 188 3432 270 3486; x_wconf 77' lang='grc' dir='ltr'>ΕΒΑ</span> <span class='ocrx_word' id='word_1_276' title='bbox 290 3431 462 3485; x_wconf 84' lang='lat' dir='ltr'>indicabatur</span> <span class='ocrx_word' id='word_1_277' title='bbox 474 3431 512 3484; x_wconf 71' lang='lat' dir='ltr'>N*</span> <span class='ocrx_word' id='word_1_278' title='bbox 584 3433 740 3486; x_wconf 88' lang='lat' dir='ltr'>meretrices</span> <span class='ocrx_word' id='word_1_279' title='bbox 760 3438 801 3498; x_wconf 76' lang='lat' dir='ltr'>(cs</span> <span class='ocrx_word' id='word_1_280' title='bbox 820 3449 854 3485; x_wconf 83' lang='lat' dir='ltr'>ex</span> <span class='ocrx_word' id='word_1_281' title='bbox 871 3432 894 3484; x_wconf 89' lang='lat' dir='ltr'>is</span> <span class='ocrx_word' id='word_1_282' title='bbox 912 3435 970 3494; x_wconf 80' lang='lat' dir='ltr'>m3)</span> <span class='ocrx_word' id='word_1_283' title='bbox 990 3431 1018 3484; x_wconf 93' lang='lat' dir='ltr'><em>P</em></span> <span class='ocrx_word' id='word_1_284' title='bbox 1069 3431 1196 3484; x_wconf 85' lang='lat' dir='ltr'>lauaruut</span> <span class='ocrx_word' id='word_1_285' title='bbox 1215 3448 1243 3484; x_wconf 89' lang='lat' dir='ltr'>se</span> 
     </span>
     <span class='ocr_line' id='line_1_30' title="bbox 100 3519 1244 3591; baseline -0.002 -16"><span class='ocrx_word' id='word_1_286' title='bbox 100 3533 139 3586; x_wconf 78' lang='lat' dir='ltr'>(se</span> <span class='ocrx_word' id='word_1_287' title='bbox 159 3539 179 3578; x_wconf 83' lang='lat' dir='ltr'>a.</span> <span class='ocrx_word' id='word_1_288' title='bbox 199 3539 226 3574; x_wconf 84' lang='lat' dir='ltr'>u.</span> <span class='ocrx_word' id='word_1_289' title='bbox 246 3522 280 3587; x_wconf 80' lang='grc'>11)</span> <span class='ocrx_word' id='word_1_290' title='bbox 300 3521 337 3575; x_wconf 63' lang='lat' dir='ltr'>N*</span> <span class='ocrx_word' id='word_1_291' title='bbox 445 3523 460 3574; x_wconf 82' lang='lat'>9</span> <span class='ocrx_word' id='word_1_292' title='bbox 480 3522 640 3591; x_wconf 81' lang='lat' dir='ltr'>sanguinein</span> <span class='ocrx_word' id='word_1_293' title='bbox 658 3521 715 3576; x_wconf 85' lang='lat' dir='ltr'>RB</span> <span class='ocrx_word' id='word_1_294' title='bbox 823 3520 976 3574; x_wconf 84' lang='lat' dir='ltr'>meretricia</span> <span class='ocrx_word' id='word_1_295' title='bbox 1000 3519 1036 3586; x_wconf 90' lang='lat' dir='ltr'>(oi</span> <span class='ocrx_word' id='word_1_296' title='bbox 1053 3537 1074 3575; x_wconf 86' lang='lat' dir='ltr'>a.</span> <span class='ocrx_word' id='word_1_297' title='bbox 1093 3537 1121 3575; x_wconf 84' lang='lat' dir='ltr'>u.</span> <span class='ocrx_word' id='word_1_298' title='bbox 1140 3524 1197 3585; x_wconf 86' lang='lat' dir='ltr'>m3)</span> <span class='ocrx_word' id='word_1_299' title='bbox 1217 3521 1244 3573; x_wconf 93' lang='lat' dir='ltr'>P</span> 
     </span>
     <span class='ocr_line' id='line_1_31' title="bbox 101 3609 1242 3677; baseline -0.001 -13"><span class='ocrx_word' id='word_1_300' title='bbox 101 3614 133 3664; x_wconf 82' lang='lat'>12</span> <span class='ocrx_word' id='word_1_301' title='bbox 153 3610 281 3665; x_wconf 84' lang='lat' dir='ltr'>occiderit</span> <span class='ocrx_word' id='word_1_302' title='bbox 299 3612 326 3664; x_wconf 88' lang='lat' dir='ltr'><em>P</em></span> <span class='ocrx_word' id='word_1_303' title='bbox 431 3611 564 3663; x_wconf 86' lang='lat' dir='ltr'>auaritiae</span> <span class='ocrx_word' id='word_1_304' title='bbox 590 3609 721 3663; x_wconf 65' lang='lat' dir='ltr'>cum?</span> <span class='ocrx_word' id='word_1_305' title='bbox 746 3609 888 3663; x_wconf 88' lang='lat' dir='ltr'>auaritiam</span> <span class='ocrx_word' id='word_1_306' title='bbox 907 3610 934 3662; x_wconf 90' lang='lat' dir='ltr'><em>B</em></span> <span class='ocrx_word' id='word_1_307' title='bbox 959 3615 1081 3673; x_wconf 88' lang='lat' dir='ltr'>(auarum</span> <span class='ocrx_word' id='word_1_308' title='bbox 1100 3612 1156 3677; x_wconf 75' lang='lat' dir='ltr'>arr2)</span> <span class='ocrx_word' id='word_1_309' title='bbox 1181 3615 1242 3673; x_wconf 86' lang='lat' dir='ltr'>cet.;</span> 
     </span>
     <span class='ocr_line' id='line_1_32' title="bbox 93 3697 1242 3768; baseline -0.003 -15"><span class='ocrx_word' id='word_1_310' title='bbox 93 3700 162 3767; x_wconf 83' lang='lat' dir='ltr'>sort.</span> <span class='ocrx_word' id='word_1_311' title='bbox 184 3700 297 3753; x_wconf 90' lang='lat' dir='ltr'>auaritia</span> <span class='ocrx_word' id='word_1_312' title='bbox 372 3700 405 3752; x_wconf 84' lang='lat'>14</span> <span class='ocrx_word' id='word_1_313' title='bbox 432 3698 563 3768; x_wconf 89' lang='lat' dir='ltr'>spiritalis</span> <span class='ocrx_word' id='word_1_314' title='bbox 583 3699 609 3751; x_wconf 94' lang='lat' dir='ltr'><em>P</em></span> <span class='ocrx_word' id='word_1_315' title='bbox 632 3704 655 3763; x_wconf 90' lang='lat' dir='ltr'>(s</span> <span class='ocrx_word' id='word_1_316' title='bbox 680 3699 728 3751; x_wconf 86' lang='lat' dir='ltr'>alt.</span> <span class='ocrx_word' id='word_1_317' title='bbox 752 3714 773 3752; x_wconf 87' lang='lat' dir='ltr'>s.</span> <span class='ocrx_word' id='word_1_318' title='bbox 793 3703 832 3763; x_wconf 78' lang='lat' dir='ltr'>a.)</span> <span class='ocrx_word' id='word_1_319' title='bbox 852 3697 883 3751; x_wconf 91' lang='lat' dir='ltr'><em>D</em></span> <span class='ocrx_word' id='word_1_320' title='bbox 905 3701 929 3761; x_wconf 80' lang='lat' dir='ltr'>[a</span> <span class='ocrx_word' id='word_1_321' title='bbox 954 3698 1003 3751; x_wconf 81' lang='lat' dir='ltr'>all.</span> <span class='ocrx_word' id='word_1_322' title='bbox 1023 3702 1104 3763; x_wconf 83' lang='lat' dir='ltr'>eras.)</span> <span class='ocrx_word' id='word_1_323' title='bbox 1196 3714 1242 3750; x_wconf 87' lang='lat' dir='ltr'>ne·</span> 
     </span>
     <span class='ocr_line' id='line_1_33' title="bbox 99 3786 1242 3857; baseline -0.002 -16"><span class='ocrx_word' id='word_1_324' title='bbox 99 3789 187 3857; x_wconf 91' lang='lat' dir='ltr'>quitia</span> <span class='ocrx_word' id='word_1_325' title='bbox 210 3788 269 3841; x_wconf 77' lang='lat' dir='ltr'>PP‘</span> <span class='ocrx_word' id='word_1_326' title='bbox 379 3789 411 3841; x_wconf 78' lang='grc'>15</span> <span class='ocrx_word' id='word_1_327' title='bbox 440 3789 489 3841; x_wconf 87' lang='lat' dir='ltr'>fiat</span> <span class='ocrx_word' id='word_1_328' title='bbox 512 3788 539 3856; x_wconf 86' lang='lat' dir='ltr'>(a</span> <span class='ocrx_word' id='word_1_329' title='bbox 562 3804 583 3840; x_wconf 89' lang='lat' dir='ltr'>s.</span> <span class='ocrx_word' id='word_1_330' title='bbox 608 3791 646 3853; x_wconf 70' lang='lat' dir='ltr'>aa.)</span> <span class='ocrx_word' id='word_1_331' title='bbox 671 3787 701 3841; x_wconf 89' lang='lat' dir='ltr'><em>D</em></span> <span class='ocrx_word' id='word_1_332' title='bbox 725 3787 758 3840; x_wconf 83' lang='lat' dir='ltr'>iit</span> <span class='ocrx_word' id='word_1_333' title='bbox 785 3788 811 3841; x_wconf 84' lang='lat' dir='ltr'><em>Y</em></span> <span class='ocrx_word' id='word_1_334' title='bbox 834 3787 871 3840; x_wconf 85' lang='lat' dir='ltr'>sit</span> <span class='ocrx_word' id='word_1_335' title='bbox 893 3787 920 3841; x_wconf 85' lang='lat' dir='ltr'><em>L</em></span> <span class='ocrx_word' id='word_1_336' title='bbox 1028 3786 1132 3839; x_wconf 89' lang='lat' dir='ltr'>diuitiis</span> <span class='ocrx_word' id='word_1_337' title='bbox 1158 3786 1242 3840; x_wconf 89' lang='lat' dir='ltr'>serui·</span> 
     </span>
     <span class='ocr_line' id='line_1_34' title="bbox 99 3873 1243 3946; baseline -0.002 -16"><span class='ocrx_word' id='word_1_338' title='bbox 99 3882 160 3930; x_wconf 89' lang='lat' dir='ltr'>tura</span> <span class='ocrx_word' id='word_1_339' title='bbox 182 3876 237 3930; x_wconf 77' lang='grc' dir='ltr'>ΒΑ</span> <span class='ocrx_word' id='word_1_340' title='bbox 265 3882 291 3929; x_wconf 84' lang='lat' dir='ltr'>et</span> <span class='ocrx_word' id='word_1_341' title='bbox 319 3879 398 3937; x_wconf 86' lang='lat' dir='ltr'>(corr.</span> <span class='ocrx_word' id='word_1_342' title='bbox 423 3880 480 3937; x_wconf 71' lang='lat' dir='ltr'>m2‘)</span> <span class='ocrx_word' id='word_1_343' title='bbox 504 3877 532 3928; x_wconf 90' lang='grc' dir='ltr'><em>Β</em></span> <span class='ocrx_word' id='word_1_344' title='bbox 640 3875 716 3930; x_wconf 85' lang='lat' dir='ltr'>diues</span> <span class='ocrx_word' id='word_1_345' title='bbox 735 3877 775 3946; x_wconf 87' lang='lat' dir='ltr'>(es</span> <span class='ocrx_word' id='word_1_346' title='bbox 795 3894 828 3930; x_wconf 77' lang='lat' dir='ltr'>ex</span> <span class='ocrx_word' id='word_1_347' title='bbox 847 3877 869 3930; x_wconf 93' lang='lat' dir='ltr'>is</span> <span class='ocrx_word' id='word_1_348' title='bbox 887 3881 944 3942; x_wconf 72' lang='lat' dir='ltr'>md)</span> <span class='ocrx_word' id='word_1_349' title='bbox 965 3876 992 3928; x_wconf 93' lang='lat' dir='ltr'><em>P</em></span> <span class='ocrx_word' id='word_1_350' title='bbox 1082 3877 1114 3928; x_wconf 91' lang='grc'>16</span> <span class='ocrx_word' id='word_1_351' title='bbox 1143 3873 1243 3928; x_wconf 86' lang='lat' dir='ltr'>sed...</span> 
     </span>
     <span class='ocr_line' id='line_1_35' title="bbox 99 3960 1244 4033; baseline -0.003 -16"><span class='ocrx_word' id='word_1_352' title='bbox 99 3967 198 4018; x_wconf 80' lang='lat' dir='ltr'>exitum</span> <span class='ocrx_word' id='word_1_353' title='bbox 217 3981 268 4018; x_wconf 89' lang='lat' dir='ltr'>om.</span> <span class='ocrx_word' id='word_1_354' title='bbox 290 3965 386 4018; x_wconf 82' lang='lat' dir='ltr'><em>CB&#39;N‘</em></span> <span class='ocrx_word' id='word_1_355' title='bbox 472 3963 625 4017; x_wconf 89' lang='lat' dir='ltr'>huiusmodi</span> <span class='ocrx_word' id='word_1_356' title='bbox 646 3963 742 4019; x_wconf 78' lang='lat' dir='ltr'><strong><em>CB‘N‘</em></strong></span> <span class='ocrx_word' id='word_1_357' title='bbox 761 3964 895 4018; x_wconf 88' lang='lat' dir='ltr'>eiusmodi</span> <span class='ocrx_word' id='word_1_358' title='bbox 914 3970 946 4033; x_wconf 83' lang='lat' dir='ltr'>(a.</span> <span class='ocrx_word' id='word_1_359' title='bbox 965 3967 1013 4017; x_wconf 77' lang='lat' dir='ltr'>m2</span> <span class='ocrx_word' id='word_1_360' title='bbox 1031 3960 1196 4028; x_wconf 90' lang='lat' dir='ltr'>huiusmodi)</span> <span class='ocrx_word' id='word_1_361' title='bbox 1216 3962 1244 4014; x_wconf 91' lang='lat' dir='ltr'><em>B</em></span> 
     </span>
     <span class='ocr_line' id='line_1_36' title="bbox 102 4051 1244 4124; baseline -0.003 -17"><span class='ocrx_word' id='word_1_362' title='bbox 102 4055 134 4107; x_wconf 89' lang='lat'>18</span> <span class='ocrx_word' id='word_1_363' title='bbox 152 4055 291 4107; x_wconf 87' lang='lat' dir='ltr'>eobauitet</span> <span class='ocrx_word' id='word_1_364' title='bbox 305 4054 333 4105; x_wconf 91' lang='lat' dir='ltr'><em>P</em></span> <span class='ocrx_word' id='word_1_365' title='bbox 350 4053 512 4122; x_wconf 87' lang='lat' dir='ltr'>quohabitet</span> <span class='ocrx_word' id='word_1_366' title='bbox 524 4054 552 4108; x_wconf 88' lang='lat' dir='ltr'><em>R</em></span> <span class='ocrx_word' id='word_1_367' title='bbox 571 4055 652 4124; x_wconf 79' lang='lat' dir='ltr'>(corr.</span> <span class='ocrx_word' id='word_1_368' title='bbox 672 4053 742 4119; x_wconf 90' lang='lat' dir='ltr'>coh.)</span> <span class='ocrx_word' id='word_1_369' title='bbox 756 4054 784 4106; x_wconf 91' lang='lat' dir='ltr'><em>B</em></span> <span class='ocrx_word' id='word_1_370' title='bbox 803 4053 874 4122; x_wconf 91' lang='lat' dir='ltr'>quod</span> <span class='ocrx_word' id='word_1_371' title='bbox 892 4053 1000 4107; x_wconf 88' lang='lat' dir='ltr'>habitet</span> <span class='ocrx_word' id='word_1_372' title='bbox 1014 4053 1050 4105; x_wconf 83' lang='lat' dir='ltr'>B‘</span> <span class='ocrx_word' id='word_1_373' title='bbox 1122 4051 1244 4105; x_wconf 73' lang='lat' dir='ltr'>hiezabel</span> 
     </span>
     <span class='ocr_line' id='line_1_37' title="bbox 99 4140 1243 4212; baseline -0.002 -16"><span class='ocrx_word' id='word_1_374' title='bbox 99 4142 154 4196; x_wconf 85' lang='lat' dir='ltr'>RB</span> <span class='ocrx_word' id='word_1_375' title='bbox 172 4143 279 4196; x_wconf 86' lang='lat' dir='ltr'>zezabel</span> <span class='ocrx_word' id='word_1_376' title='bbox 300 4142 346 4199; x_wconf 69' lang='lat' dir='ltr'>cul</span> <span class='ocrx_word' id='word_1_377' title='bbox 403 4143 435 4196; x_wconf 87' lang='grc'>19</span> <span class='ocrx_word' id='word_1_378' title='bbox 454 4146 514 4196; x_wconf 84' lang='lat' dir='ltr'>toas</span> <span class='ocrx_word' id='word_1_379' title='bbox 533 4159 584 4197; x_wconf 77' lang='lat' dir='ltr'>oar.</span> <span class='ocrx_word' id='word_1_380' title='bbox 604 4142 687 4197; x_wconf 76' lang='grc' dir='ltr'>ΕΒΑ</span> <span class='ocrx_word' id='word_1_381' title='bbox 759 4141 808 4196; x_wconf 86' lang='lat' dir='ltr'>sed</span> <span class='ocrx_word' id='word_1_382' title='bbox 827 4142 940 4212; x_wconf 89' lang='lat' dir='ltr'>inpellat</span> <span class='ocrx_word' id='word_1_383' title='bbox 960 4157 1010 4195; x_wconf 86' lang='lat' dir='ltr'>om.</span> <span class='ocrx_word' id='word_1_384' title='bbox 1033 4140 1130 4194; x_wconf 83' lang='lat' dir='ltr'><strong><em>CB‘N‘</em></strong></span> <span class='ocrx_word' id='word_1_385' title='bbox 1202 4157 1243 4194; x_wconf 90' lang='lat' dir='ltr'>re·</span> 
     </span>
     <span class='ocr_line' id='line_1_38' title="bbox 100 4228 1179 4300; baseline -0.001 -16"><span class='ocrx_word' id='word_1_386' title='bbox 100 4231 184 4300; x_wconf 85' lang='lat' dir='ltr'>pellat</span> <span class='ocrx_word' id='word_1_387' title='bbox 204 4232 251 4297; x_wconf 78' lang='lat' dir='ltr'>(im</span> <span class='ocrx_word' id='word_1_388' title='bbox 270 4247 291 4288; x_wconf 84' lang='lat' dir='ltr'>s.</span> <span class='ocrx_word' id='word_1_389' title='bbox 310 4237 350 4297; x_wconf 91' lang='lat' dir='ltr'>re)</span> <span class='ocrx_word' id='word_1_390' title='bbox 370 4230 404 4284; x_wconf 86' lang='lat' dir='ltr'><em>P</em></span> <span class='ocrx_word' id='word_1_391' title='bbox 459 4231 494 4286; x_wconf 76' lang='lat'>‘20</span> <span class='ocrx_word' id='word_1_392' title='bbox 513 4231 596 4286; x_wconf 82' lang='lat' dir='ltr'>faciet</span> <span class='ocrx_word' id='word_1_393' title='bbox 613 4232 641 4285; x_wconf 78' lang='lat' dir='ltr'><strong><em>A</em></strong></span> <span class='ocrx_word' id='word_1_394' title='bbox 714 4232 884 4286; x_wconf 84' lang='lat' dir='ltr'>considerata</span> <span class='ocrx_word' id='word_1_395' title='bbox 900 4231 928 4284; x_wconf 77' lang='lat' dir='ltr'><strong><em>A</em></strong></span> <span class='ocrx_word' id='word_1_396' title='bbox 982 4230 1014 4284; x_wconf 88' lang='lat'>21</span> <span class='ocrx_word' id='word_1_397' title='bbox 1034 4233 1064 4284; x_wconf 86' lang='lat' dir='ltr'>te</span> <span class='ocrx_word' id='word_1_398' title='bbox 1083 4228 1179 4283; x_wconf 75' lang='grc'><strong>0110</strong></span> 
     </span>
    </p>
   </div>
   <div class='ocr_carea' id='block_1_5' title="bbox 0 0 1408 5168">
    <p class='ocr_par' dir='ltr' id='par_1_5' title="bbox 0 0 1408 5168">
     <span class='ocr_line' id='line_1_39' title="bbox 0 0 1408 5168; baseline 0 0"><span class='ocrx_word' id='word_1_399' title='bbox 0 0 1408 5168; x_wconf 95' lang='lat' dir='ltr'> </span> 
     </span>
    </p>
   </div>
  </div>
 </body>
</html>
