<?xml version="1.0" encoding="UTF-8"?>
<!DOCTYPE html PUBLIC "-//W3C//DTD XHTML 1.0 Transitional//EN"
    "http://www.w3.org/TR/xhtml1/DTD/xhtml1-transitional.dtd">
<html xmlns="http://www.w3.org/1999/xhtml" xml:lang="en" lang="en">
 <head>
  <title>
</title>
<meta http-equiv="Content-Type" content="text/html;charset=utf-8" />
  <meta name='ocr-system' content='tesseract 3.04.00' />
  <meta name='ocr-capabilities' content='ocr_page ocr_carea ocr_par ocr_line ocrx_word'/>
</head>
<body>
  <div class='ocr_page' id='page_1' title='image "./sanctiambrosiio04petsgoog/sanctiambrosiio04petsgoog_0021.png"; bbox 0 0 2804 5168; ppageno 0'>
   <div class='ocr_carea' id='block_1_1' title="bbox 75 657 752 724">
    <p class='ocr_par' dir='ltr' id='par_1_1' title="bbox 75 657 752 724">
     <span class='ocr_line' id='line_1_1' title="bbox 75 657 752 724; baseline -0.004 -12"><span class='ocrx_word' id='word_1_1' title='bbox 75 659 150 724; x_wconf 83' lang='lat' dir='ltr'>VIII</span> <span class='ocrx_word' id='word_1_2' title='bbox 538 657 752 711; x_wconf 84' lang='lat' dir='ltr'>Praefatio.</span> 
     </span>
    </p>
   </div>
   <div class='ocr_carea' id='block_1_2' title="bbox 74 853 1237 4134">
    <p class='ocr_par' dir='ltr' id='par_1_2' title="bbox 74 853 1237 4134">
     <span class='ocr_line' id='line_1_2' title="bbox 76 853 1224 936; baseline 0 -19"><span class='ocrx_word' id='word_1_3' title='bbox 76 854 142 918; x_wconf 87' lang='lat' dir='ltr'>lieri</span> <span class='ocrx_word' id='word_1_4' title='bbox 167 854 259 932; x_wconf 85' lang='lat' dir='ltr'>solet,</span> <span class='ocrx_word' id='word_1_5' title='bbox 284 853 488 935; x_wconf 85' lang='lat' dir='ltr'>inscriptione</span> <span class='ocrx_word' id='word_1_6' title='bbox 513 872 573 917; x_wconf 91' lang='lat' dir='ltr'>non</span> <span class='ocrx_word' id='word_1_7' title='bbox 597 853 732 936; x_wconf 84' lang='lat' dir='ltr'>praefixa</span> <span class='ocrx_word' id='word_1_8' title='bbox 755 853 902 918; x_wconf 87' lang='lat' dir='ltr'>inuentos</span> <span class='ocrx_word' id='word_1_9' title='bbox 926 858 1021 936; x_wconf 87' lang='lat' dir='ltr'>atque</span> <span class='ocrx_word' id='word_1_10' title='bbox 1044 854 1076 917; x_wconf 91' lang='lat' dir='ltr'>in</span> <span class='ocrx_word' id='word_1_11' title='bbox 1106 854 1224 919; x_wconf 90' lang='lat' dir='ltr'>librum</span> 
     </span>
     <span class='ocr_line' id='line_1_3' title="bbox 74 959 1225 1043; baseline -0.001 -18"><span class='ocrx_word' id='word_1_12' title='bbox 74 960 220 1025; x_wconf 85' lang='lat' dir='ltr'>redactos</span> <span class='ocrx_word' id='word_1_13' title='bbox 258 978 424 1042; x_wconf 79' lang='lat' dir='ltr'>germanae</span> <span class='ocrx_word' id='word_1_14' title='bbox 462 959 626 1043; x_wconf 82' lang='lat' dir='ltr'>apologiae</span> <span class='ocrx_word' id='word_1_15' title='bbox 663 959 798 1024; x_wconf 85' lang='lat' dir='ltr'>adnexos</span> <span class='ocrx_word' id='word_1_16' title='bbox 836 964 868 1024; x_wconf 88' lang='lat' dir='ltr'>et</span> <span class='ocrx_word' id='word_1_17' title='bbox 899 959 1060 1024; x_wconf 85' lang='lat' dir='ltr'>Ambrosii</span> <span class='ocrx_word' id='word_1_18' title='bbox 1098 961 1225 1025; x_wconf 89' lang='lat' dir='ltr'>nomine</span> 
     </span>
     <span class='ocr_line' id='line_1_4' title="bbox 76 1066 1226 1150; baseline 0.001 -19"><span class='ocrx_word' id='word_1_19' title='bbox 76 1066 246 1150; x_wconf 88' lang='lat' dir='ltr'>insignitos</span> <span class='ocrx_word' id='word_1_20' title='bbox 276 1085 356 1130; x_wconf 89' lang='lat' dir='ltr'>esse.</span> <span class='ocrx_word' id='word_1_21' title='bbox 391 1067 428 1131; x_wconf 95' lang='lat' dir='ltr'>de</span> <span class='ocrx_word' id='word_1_22' title='bbox 455 1069 598 1147; x_wconf 87' lang='lat' dir='ltr'>tempore</span> <span class='ocrx_word' id='word_1_23' title='bbox 623 1086 685 1148; x_wconf 92' lang='lat' dir='ltr'>quo</span> <span class='ocrx_word' id='word_1_24' title='bbox 707 1066 740 1129; x_wconf 94' lang='lat' dir='ltr'>id</span> <span class='ocrx_word' id='word_1_25' title='bbox 763 1066 884 1131; x_wconf 86' lang='lat' dir='ltr'>sactum</span> <span class='ocrx_word' id='word_1_26' title='bbox 909 1066 1060 1132; x_wconf 87' lang='lat' dir='ltr'>estnihil</span> <span class='ocrx_word' id='word_1_27' title='bbox 1085 1086 1226 1150; x_wconf 90' lang='grc'>6616661-</span> 
     </span>
     <span class='ocr_line' id='line_1_5' title="bbox 76 1171 1225 1252; baseline 0 -14"><span class='ocrx_word' id='word_1_28' title='bbox 76 1177 145 1238; x_wconf 92' lang='lat' dir='ltr'>tum</span> <span class='ocrx_word' id='word_1_29' title='bbox 179 1173 347 1247; x_wconf 86' lang='lat' dir='ltr'>babemus;</span> <span class='ocrx_word' id='word_1_30' title='bbox 381 1171 413 1235; x_wconf 95' lang='lat' dir='ltr'>id</span> <span class='ocrx_word' id='word_1_31' title='bbox 446 1172 551 1236; x_wconf 91' lang='lat' dir='ltr'>solum</span> <span class='ocrx_word' id='word_1_32' title='bbox 584 1175 706 1236; x_wconf 90' lang='lat' dir='ltr'>certum</span> <span class='ocrx_word' id='word_1_33' title='bbox 739 1176 788 1236; x_wconf 90' lang='lat' dir='ltr'>est</span> <span class='ocrx_word' id='word_1_34' title='bbox 820 1191 857 1235; x_wconf 89' lang='lat' dir='ltr'>ue</span> <span class='ocrx_word' id='word_1_35' title='bbox 890 1192 988 1237; x_wconf 90' lang='grc'>116661</span> <span class='ocrx_word' id='word_1_36' title='bbox 1021 1172 1152 1252; x_wconf 88' lang='lat' dir='ltr'>quidem</span> <span class='ocrx_word' id='word_1_37' title='bbox 1190 1194 1225 1238; x_wconf 87' lang='grc'>61</span> 
     </span>
     <span class='ocr_line' id='line_1_6' title="bbox 79 1278 1225 1362; baseline 0.001 -18"><span class='ocrx_word' id='word_1_38' title='bbox 79 1278 241 1344; x_wconf 81' lang='lat' dir='ltr'>codicibus</span> <span class='ocrx_word' id='word_1_39' title='bbox 280 1279 333 1360; x_wconf 92' lang='lat' dir='ltr'>qui</span> <span class='ocrx_word' id='word_1_40' title='bbox 371 1278 409 1342; x_wconf 92' lang='lat' dir='ltr'>ad</span> <span class='ocrx_word' id='word_1_41' title='bbox 447 1282 586 1343; x_wconf 83' lang='lat' dir='ltr'>nostram</span> <span class='ocrx_word' id='word_1_42' title='bbox 625 1279 809 1344; x_wconf 89' lang='lat' dir='ltr'>memoriam</span> <span class='ocrx_word' id='word_1_43' title='bbox 846 1281 1057 1362; x_wconf 88' lang='lat' dir='ltr'>peruenerunt</span> <span class='ocrx_word' id='word_1_44' title='bbox 1098 1281 1225 1345; x_wconf 88' lang='lat' dir='ltr'>saeculo</span> 
     </span>
     <span class='ocr_line' id='line_1_7' title="bbox 79 1384 1227 1467; baseline 0.003 -19"><span class='ocrx_word' id='word_1_45' title='bbox 79 1385 265 1450; x_wconf 86' lang='lat' dir='ltr'>duodecimo</span> <span class='ocrx_word' id='word_1_46' title='bbox 294 1385 503 1467; x_wconf 74' lang='lat' dir='ltr'>antiquiorem</span> <span class='ocrx_word' id='word_1_47' title='bbox 533 1404 602 1451; x_wconf 89' lang='lat' dir='ltr'>esse</span> <span class='ocrx_word' id='word_1_48' title='bbox 615 1384 649 1467; x_wconf 88' lang='lat'>¹).</span> <span class='ocrx_word' id='word_1_49' title='bbox 683 1389 808 1450; x_wconf 89' lang='lat' dir='ltr'>constat</span> <span class='ocrx_word' id='word_1_50' title='bbox 832 1390 938 1450; x_wconf 89' lang='lat' dir='ltr'>autem</span> <span class='ocrx_word' id='word_1_51' title='bbox 962 1386 1013 1450; x_wconf 90' lang='lat' dir='ltr'>lric</span> <span class='ocrx_word' id='word_1_52' title='bbox 1037 1386 1166 1451; x_wconf 89' lang='lat' dir='ltr'>libellus</span> <span class='ocrx_word' id='word_1_53' title='bbox 1190 1406 1227 1452; x_wconf 86' lang='lat' dir='ltr'>err</span> 
     </span>
     <span class='ocr_line' id='line_1_8' title="bbox 78 1491 1226 1575; baseline 0.001 -19"><span class='ocrx_word' id='word_1_54' title='bbox 78 1492 181 1556; x_wconf 91' lang='lat' dir='ltr'>tribus</span> <span class='ocrx_word' id='word_1_55' title='bbox 206 1492 349 1574; x_wconf 88' lang='lat' dir='ltr'>partibus</span> <span class='ocrx_word' id='word_1_56' title='bbox 374 1491 548 1556; x_wconf 90' lang='lat' dir='ltr'>secundum</span> <span class='ocrx_word' id='word_1_57' title='bbox 572 1511 641 1554; x_wconf 90' lang='lat' dir='ltr'>eam</span> <span class='ocrx_word' id='word_1_58' title='bbox 665 1510 759 1573; x_wconf 89' lang='lat' dir='ltr'>quam</span> <span class='ocrx_word' id='word_1_59' title='bbox 783 1495 886 1556; x_wconf 90' lang='lat' dir='ltr'>orator</span> <span class='ocrx_word' id='word_1_60' title='bbox 908 1492 1060 1575; x_wconf 87' lang='lat' dir='ltr'>inprime</span> <span class='ocrx_word' id='word_1_61' title='bbox 1081 1511 1226 1557; x_wconf 86' lang='lat' dir='ltr'>sermone</span> 
     </span>
     <span class='ocr_line' id='line_1_9' title="bbox 80 1597 1227 1682; baseline 0 -19"><span class='ocrx_word' id='word_1_62' title='bbox 80 1599 248 1663; x_wconf 90' lang='lat' dir='ltr'>constituit</span> <span class='ocrx_word' id='word_1_63' title='bbox 276 1600 365 1682; x_wconf 83' lang='lat'>(362,</span> <span class='ocrx_word' id='word_1_64' title='bbox 397 1599 428 1679; x_wconf 89' lang='lat'>1)</span> <span class='ocrx_word' id='word_1_65' title='bbox 457 1597 698 1680; x_wconf 80' lang='lat' dir='ltr'>dispositionem</span> <span class='ocrx_word' id='word_1_66' title='bbox 728 1599 941 1663; x_wconf 86' lang='lat' dir='ltr'>conformatis.</span> <span class='ocrx_word' id='word_1_67' title='bbox 974 1599 1108 1680; x_wconf 88' lang='lat' dir='ltr'>primam</span> <span class='ocrx_word' id='word_1_68' title='bbox 1142 1598 1227 1663; x_wconf 89' lang='lat' dir='ltr'>euim</span> 
     </span>
     <span class='ocr_line' id='line_1_10' title="bbox 80 1702 1226 1790; baseline 0 -21"><span class='ocrx_word' id='word_1_69' title='bbox 80 1704 138 1784; x_wconf 88' lang='grc'>(66.</span> <span class='ocrx_word' id='word_1_70' title='bbox 175 1704 295 1789; x_wconf 89' lang='lat'>1-20)</span> <span class='ocrx_word' id='word_1_71' title='bbox 328 1704 367 1767; x_wconf 91' lang='lat' dir='ltr'>ad</span> <span class='ocrx_word' id='word_1_72' title='bbox 400 1704 544 1788; x_wconf 89' lang='lat' dir='ltr'>gentiles,</span> <span class='ocrx_word' id='word_1_73' title='bbox 577 1705 708 1767; x_wconf 86' lang='lat' dir='ltr'>alteram</span> <span class='ocrx_word' id='word_1_74' title='bbox 741 1702 797 1790; x_wconf 87' lang='lat' dir='ltr'>(ss.</span> <span class='ocrx_word' id='word_1_75' title='bbox 832 1705 976 1788; x_wconf 82' lang='lat'>21-25)</span> <span class='ocrx_word' id='word_1_76' title='bbox 1011 1705 1050 1768; x_wconf 91' lang='lat' dir='ltr'>ad</span> <span class='ocrx_word' id='word_1_77' title='bbox 1079 1706 1226 1777; x_wconf 78' lang='lat' dir='ltr'>ludaeos,</span> 
     </span>
     <span class='ocr_line' id='line_1_11' title="bbox 79 1808 1228 1895; baseline -0.002 -19"><span class='ocrx_word' id='word_1_78' title='bbox 79 1811 206 1876; x_wconf 82' lang='lat' dir='ltr'>tertiam</span> <span class='ocrx_word' id='word_1_79' title='bbox 229 1814 286 1892; x_wconf 88' lang='grc'>(66.</span> <span class='ocrx_word' id='word_1_80' title='bbox 311 1808 457 1895; x_wconf 81' lang='grc'>26-74)</span> <span class='ocrx_word' id='word_1_81' title='bbox 482 1809 520 1872; x_wconf 83' lang='grc'>66</span> <span class='ocrx_word' id='word_1_82' title='bbox 545 1809 740 1875; x_wconf 79' lang='lat' dir='ltr'>Christianos</span> <span class='ocrx_word' id='word_1_83' title='bbox 764 1810 919 1893; x_wconf 86' lang='lat' dir='ltr'>pertinere</span> <span class='ocrx_word' id='word_1_84' title='bbox 943 1811 1056 1877; x_wconf 91' lang='lat' dir='ltr'>uoluit.</span> <span class='ocrx_word' id='word_1_85' title='bbox 1088 1812 1228 1893; x_wconf 89' lang='lat' dir='ltr'>primum</span> 
     </span>
     <span class='ocr_line' id='line_1_12' title="bbox 81 1916 1228 1983; baseline 0.001 -1"><span class='ocrx_word' id='word_1_86' title='bbox 81 1920 188 1982; x_wconf 89' lang='lat' dir='ltr'>autem</span> <span class='ocrx_word' id='word_1_87' title='bbox 235 1936 411 1982; x_wconf 89' lang='lat' dir='ltr'>sermonem</span> <span class='ocrx_word' id='word_1_88' title='bbox 458 1916 652 1981; x_wconf 84' lang='lat' dir='ltr'>sectionibus</span> <span class='ocrx_word' id='word_1_89' title='bbox 696 1918 801 1980; x_wconf 83' lang='lat'>1-27</span> <span class='ocrx_word' id='word_1_90' title='bbox 846 1918 1027 1982; x_wconf 89' lang='lat' dir='ltr'>absolutum</span> <span class='ocrx_word' id='word_1_91' title='bbox 1069 1937 1139 1983; x_wconf 87' lang='lat' dir='ltr'>esse</span> <span class='ocrx_word' id='word_1_92' title='bbox 1181 1918 1228 1983; x_wconf 89' lang='lat' dir='ltr'>eis</span> 
     </span>
     <span class='ocr_line' id='line_1_13' title="bbox 82 2023 1228 2109; baseline 0.001 -21"><span class='ocrx_word' id='word_1_93' title='bbox 82 2024 260 2101; x_wconf 87' lang='lat' dir='ltr'>edocemur,</span> <span class='ocrx_word' id='word_1_94' title='bbox 289 2042 368 2105; x_wconf 86' lang='lat' dir='ltr'>quac</span> <span class='ocrx_word' id='word_1_95' title='bbox 396 2023 472 2100; x_wconf 90' lang='grc'>376,</span> <span class='ocrx_word' id='word_1_96' title='bbox 502 2024 520 2085; x_wconf 89' lang='grc'>5</span> <span class='ocrx_word' id='word_1_97' title='bbox 551 2042 618 2104; x_wconf 87' lang='lat' dir='ltr'>sqq.</span> <span class='ocrx_word' id='word_1_98' title='bbox 642 2023 792 2106; x_wconf 84' lang='lat' dir='ltr'>leguntur</span> <span class='ocrx_word' id='word_1_99' title='bbox 814 2025 909 2106; x_wconf 91' lang='lat' dir='ltr'>atque</span> <span class='ocrx_word' id='word_1_100' title='bbox 933 2044 968 2088; x_wconf 87' lang='grc'>61</span> <span class='ocrx_word' id='word_1_101' title='bbox 996 2024 1102 2089; x_wconf 89' lang='lat' dir='ltr'>uerbis</span> <span class='ocrx_word' id='word_1_102' title='bbox 1125 2027 1228 2109; x_wconf 76' lang='lat' dir='ltr'>‘supe-</span> 
     </span>
     <span class='ocr_line' id='line_1_14' title="bbox 82 2129 1228 2216; baseline 0.001 -22"><span class='ocrx_word' id='word_1_103' title='bbox 82 2133 162 2197; x_wconf 92' lang='lat' dir='ltr'>riore</span> <span class='ocrx_word' id='word_1_104' title='bbox 196 2130 294 2215; x_wconf 60' lang='grc'>6161)</span> <span class='ocrx_word' id='word_1_105' title='bbox 330 2131 553 2213; x_wconf 85' lang='lat' dir='ltr'>cognoscimus</span> <span class='ocrx_word' id='word_1_106' title='bbox 587 2129 728 2213; x_wconf 90' lang='lat' dir='ltr'>singulos</span> <span class='ocrx_word' id='word_1_107' title='bbox 757 2148 917 2194; x_wconf 88' lang='lat' dir='ltr'>sermones</span> <span class='ocrx_word' id='word_1_108' title='bbox 946 2130 1081 2216; x_wconf 90' lang='lat' dir='ltr'>singulis</span> <span class='ocrx_word' id='word_1_109' title='bbox 1115 2130 1228 2195; x_wconf 88' lang='lat' dir='ltr'>diebus</span> 
     </span>
     <span class='ocr_line' id='line_1_15' title="bbox 82 2236 1228 2320; baseline 0.001 -19"><span class='ocrx_word' id='word_1_110' title='bbox 82 2238 164 2302; x_wconf 90' lang='lat' dir='ltr'>inter</span> <span class='ocrx_word' id='word_1_111' title='bbox 201 2257 234 2301; x_wconf 90' lang='lat' dir='ltr'>se</span> <span class='ocrx_word' id='word_1_112' title='bbox 273 2237 442 2320; x_wconf 82' lang='lat' dir='ltr'>excepisse.</span> <span class='ocrx_word' id='word_1_113' title='bbox 482 2236 642 2300; x_wconf 90' lang='lat' dir='ltr'>breuiores</span> <span class='ocrx_word' id='word_1_114' title='bbox 675 2255 749 2301; x_wconf 91' lang='lat' dir='ltr'>uero</span> <span class='ocrx_word' id='word_1_115' title='bbox 783 2255 944 2302; x_wconf 87' lang='lat' dir='ltr'>sermones</span> <span class='ocrx_word' id='word_1_116' title='bbox 978 2256 1011 2302; x_wconf 88' lang='lat' dir='ltr'>se</span> <span class='ocrx_word' id='word_1_117' title='bbox 1043 2236 1158 2302; x_wconf 87' lang='lat' dir='ltr'>fecisse</span> <span class='ocrx_word' id='word_1_118' title='bbox 1192 2256 1228 2302; x_wconf 92' lang='lat' dir='ltr'>eo</span> 
     </span>
     <span class='ocr_line' id='line_1_16' title="bbox 82 2341 1231 2427; baseline 0.001 -20"><span class='ocrx_word' id='word_1_119' title='bbox 82 2346 186 2407; x_wconf 86' lang='grc'>616161·</span> <span class='ocrx_word' id='word_1_120' title='bbox 215 2345 343 2406; x_wconf 85' lang='grc'>6166661</span> <span class='ocrx_word' id='word_1_121' title='bbox 371 2342 452 2425; x_wconf 93' lang='lat' dir='ltr'>quod</span> <span class='ocrx_word' id='word_1_122' title='bbox 482 2344 582 2406; x_wconf 85' lang='lat' dir='ltr'>totam</span> <span class='ocrx_word' id='word_1_123' title='bbox 612 2341 763 2406; x_wconf 89' lang='lat' dir='ltr'>orationis</span> <span class='ocrx_word' id='word_1_124' title='bbox 792 2342 906 2405; x_wconf 87' lang='lat' dir='ltr'>seriem</span> <span class='ocrx_word' id='word_1_125' title='bbox 934 2342 1064 2423; x_wconf 90' lang='lat' dir='ltr'>implere</span> <span class='ocrx_word' id='word_1_126' title='bbox 1089 2342 1150 2406; x_wconf 90' lang='lat' dir='ltr'>sibi</span> <span class='ocrx_word' id='word_1_127' title='bbox 1175 2363 1231 2427; x_wconf 92' lang='lat' dir='ltr'>per</span> 
     </span>
     <span class='ocr_line' id='line_1_17' title="bbox 83 2447 1230 2534; baseline 0 -20"><span class='ocrx_word' id='word_1_128' title='bbox 83 2449 247 2534; x_wconf 88' lang='lat' dir='ltr'>angustias</span> <span class='ocrx_word' id='word_1_129' title='bbox 271 2449 388 2533; x_wconf 90' lang='lat' dir='ltr'>ingenii</span> <span class='ocrx_word' id='word_1_130' title='bbox 412 2448 465 2513; x_wconf 92' lang='lat' dir='ltr'>uel</span> <span class='ocrx_word' id='word_1_131' title='bbox 488 2447 655 2531; x_wconf 88' lang='lat' dir='ltr'>peraccis</span> <span class='ocrx_word' id='word_1_132' title='bbox 679 2448 883 2531; x_wconf 86' lang='lat' dir='ltr'>fragilitatem</span> <span class='ocrx_word' id='word_1_133' title='bbox 908 2467 969 2512; x_wconf 92' lang='grc'>666</span> <span class='ocrx_word' id='word_1_134' title='bbox 992 2450 1119 2514; x_wconf 82' lang='lat' dir='ltr'>licuerit</span> <span class='ocrx_word' id='word_1_135' title='bbox 1140 2451 1230 2530; x_wconf 90' lang='grc'>(376,</span> 
     </span>
     <span class='ocr_line' id='line_1_18' title="bbox 84 2552 1232 2641; baseline 0 -21"><span class='ocrx_word' id='word_1_136' title='bbox 84 2561 102 2620; x_wconf 85' lang='grc'>5</span> <span class='ocrx_word' id='word_1_137' title='bbox 131 2557 204 2641; x_wconf 84' lang='lat' dir='ltr'>sq),</span> <span class='ocrx_word' id='word_1_138' title='bbox 234 2555 480 2620; x_wconf 85' lang='grc'>616116161666</span> <span class='ocrx_word' id='word_1_139' title='bbox 505 2553 596 2639; x_wconf 79' lang='grc'>(393,</span> <span class='ocrx_word' id='word_1_140' title='bbox 628 2552 682 2640; x_wconf 85' lang='grc'>14)</span> <span class='ocrx_word' id='word_1_141' title='bbox 720 2554 827 2618; x_wconf 86' lang='grc'>666616</span> <span class='ocrx_word' id='word_1_142' title='bbox 864 2574 943 2619; x_wconf 87' lang='grc'>6666</span> <span class='ocrx_word' id='word_1_143' title='bbox 979 2556 1136 2620; x_wconf 85' lang='grc'>66666116</span> <span class='ocrx_word' id='word_1_144' title='bbox 1168 2557 1232 2621; x_wconf 87' lang='grc'>61111</span> 
     </span>
     <span class='ocr_line' id='line_1_19' title="bbox 82 2662 1230 2746; baseline 0.001 -20"><span class='ocrx_word' id='word_1_145' title='bbox 82 2662 263 2728; x_wconf 83' lang='grc'>1666661616</span> <span class='ocrx_word' id='word_1_146' title='bbox 287 2665 320 2726; x_wconf 89' lang='grc'>61</span> <span class='ocrx_word' id='word_1_147' title='bbox 342 2662 509 2726; x_wconf 84' lang='grc'>6611161616</span> <span class='ocrx_word' id='word_1_148' title='bbox 534 2662 657 2744; x_wconf 90' lang='lat' dir='ltr'>copiam</span> <span class='ocrx_word' id='word_1_149' title='bbox 682 2665 888 2743; x_wconf 89' lang='lat' dir='ltr'>ornatumque</span> <span class='ocrx_word' id='word_1_150' title='bbox 918 2662 1028 2728; x_wconf 85' lang='lat' dir='ltr'>deesse</span> <span class='ocrx_word' id='word_1_151' title='bbox 1055 2663 1230 2746; x_wconf 88' lang='lat' dir='ltr'>profitetur.</span> 
     </span>
     <span class='ocr_line' id='line_1_20' title="bbox 84 2767 1232 2852; baseline 0 -18"><span class='ocrx_word' id='word_1_152' title='bbox 84 2776 224 2834; x_wconf 89' lang='lat' dir='ltr'>ceterum</span> <span class='ocrx_word' id='word_1_153' title='bbox 258 2788 317 2833; x_wconf 92' lang='lat' dir='ltr'>nou</span> <span class='ocrx_word' id='word_1_154' title='bbox 350 2788 479 2852; x_wconf 89' lang='grc'>6161666</span> <span class='ocrx_word' id='word_1_155' title='bbox 513 2767 676 2833; x_wconf 85' lang='grc'>16666166</span> <span class='ocrx_word' id='word_1_156' title='bbox 710 2788 782 2832; x_wconf 89' lang='grc'>6661</span> <span class='ocrx_word' id='word_1_157' title='bbox 815 2769 973 2833; x_wconf 89' lang='grc'>1166116616</span> <span class='ocrx_word' id='word_1_158' title='bbox 1007 2771 1106 2834; x_wconf 87' lang='lat' dir='ltr'>fuisse</span> <span class='ocrx_word' id='word_1_159' title='bbox 1135 2775 1167 2834; x_wconf 89' lang='lat' dir='ltr'>et</span> <span class='ocrx_word' id='word_1_160' title='bbox 1195 2790 1232 2834; x_wconf 83' lang='lat' dir='ltr'>ex</span> 
     </span>
     <span class='ocr_line' id='line_1_21' title="bbox 85 2873 1231 2956; baseline -0.002 -16"><span class='ocrx_word' id='word_1_161' title='bbox 85 2894 265 2940; x_wconf 88' lang='lat' dir='ltr'>sermonum</span> <span class='ocrx_word' id='word_1_162' title='bbox 300 2874 507 2956; x_wconf 87' lang='lat' dir='ltr'>dispositione</span> <span class='ocrx_word' id='word_1_163' title='bbox 540 2873 781 2955; x_wconf 89' lang='lat' dir='ltr'>elocutioneque</span> <span class='ocrx_word' id='word_1_164' title='bbox 815 2880 848 2938; x_wconf 93' lang='lat' dir='ltr'>et</span> <span class='ocrx_word' id='word_1_165' title='bbox 880 2893 915 2937; x_wconf 88' lang='grc'>61</span> <span class='ocrx_word' id='word_1_166' title='bbox 949 2895 985 2940; x_wconf 91' lang='grc'>66</span> <span class='ocrx_word' id='word_1_167' title='bbox 1014 2877 1119 2939; x_wconf 88' lang='grc'>616661</span> <span class='ocrx_word' id='word_1_168' title='bbox 1146 2875 1231 2956; x_wconf 89' lang='lat' dir='ltr'>quod</span> 
     </span>
     <span class='ocr_line' id='line_1_22' title="bbox 84 2982 1232 3065; baseline 0 -19"><span class='ocrx_word' id='word_1_169' title='bbox 84 2983 134 3047; x_wconf 92' lang='lat' dir='ltr'>bis</span> <span class='ocrx_word' id='word_1_170' title='bbox 164 2982 194 3045; x_wconf 95' lang='lat' dir='ltr'>iu</span> <span class='ocrx_word' id='word_1_171' title='bbox 223 2983 282 3046; x_wconf 90' lang='lat' dir='ltr'>boc</span> <span class='ocrx_word' id='word_1_172' title='bbox 312 2982 476 3064; x_wconf 79' lang='lat' dir='ltr'>opusculo,</span> <span class='ocrx_word' id='word_1_173' title='bbox 506 2982 581 3057; x_wconf 84' lang='grc'>376,</span> <span class='ocrx_word' id='word_1_174' title='bbox 613 2983 649 3043; x_wconf 92' lang='grc'>11</span> <span class='ocrx_word' id='word_1_175' title='bbox 682 2982 811 3057; x_wconf 88' lang='grc'>61388,</span> <span class='ocrx_word' id='word_1_176' title='bbox 837 2982 867 3058; x_wconf 92' lang='grc'>5,</span> <span class='ocrx_word' id='word_1_177' title='bbox 892 2982 1027 3046; x_wconf 84' lang='lat' dir='ltr'>imitatio</span> <span class='ocrx_word' id='word_1_178' title='bbox 1052 2982 1232 3065; x_wconf 88' lang='lat' dir='ltr'>Uergiliana</span> 
     </span>
     <span class='ocr_line' id='line_1_23' title="bbox 86 3087 1232 3170; baseline -0.001 -17"><span class='ocrx_word' id='word_1_179' title='bbox 86 3089 288 3170; x_wconf 86' lang='lat' dir='ltr'>conspicitur.</span> <span class='ocrx_word' id='word_1_180' title='bbox 326 3109 401 3152; x_wconf 92' lang='lat' dir='ltr'>num</span> <span class='ocrx_word' id='word_1_181' title='bbox 440 3088 515 3166; x_wconf 90' lang='grc'>361,</span> <span class='ocrx_word' id='word_1_182' title='bbox 556 3089 607 3159; x_wconf 84' lang='grc'>19,</span> <span class='ocrx_word' id='word_1_183' title='bbox 646 3105 706 3169; x_wconf 91' lang='lat' dir='ltr'>quo</span> <span class='ocrx_word' id='word_1_184' title='bbox 740 3087 809 3150; x_wconf 91' lang='lat' dir='ltr'>luco</span> <span class='ocrx_word' id='word_1_185' title='bbox 843 3106 861 3149; x_wconf 94' lang='lat' dir='ltr'>a</span> <span class='ocrx_word' id='word_1_186' title='bbox 894 3089 1089 3170; x_wconf 86' lang='lat' dir='ltr'>sapientibus</span> <span class='ocrx_word' id='word_1_187' title='bbox 1121 3089 1232 3152; x_wconf 89' lang='lat' dir='ltr'>mundi</span> 
     </span>
     <span class='ocr_line' id='line_1_24' title="bbox 85 3193 1233 3278; baseline -0.001 -19"><span class='ocrx_word' id='word_1_188' title='bbox 85 3195 315 3278; x_wconf 84' lang='lat' dir='ltr'>praescriptum</span> <span class='ocrx_word' id='word_1_189' title='bbox 349 3214 418 3259; x_wconf 90' lang='lat' dir='ltr'>esse</span> <span class='ocrx_word' id='word_1_190' title='bbox 451 3195 505 3270; x_wconf 82' lang='lat' dir='ltr'>ait,</span> <span class='ocrx_word' id='word_1_191' title='bbox 538 3213 577 3257; x_wconf 91' lang='grc'>66</span> <span class='ocrx_word' id='word_1_192' title='bbox 610 3195 641 3256; x_wconf 92' lang='grc'>16</span> <span class='ocrx_word' id='word_1_193' title='bbox 675 3193 840 3257; x_wconf 83' lang='grc'>1116166666</span> <span class='ocrx_word' id='word_1_194' title='bbox 875 3195 973 3258; x_wconf 89' lang='lat' dir='ltr'>maior</span> <span class='ocrx_word' id='word_1_195' title='bbox 1005 3214 1104 3277; x_wconf 87' lang='lat' dir='ltr'>poena</span> <span class='ocrx_word' id='word_1_196' title='bbox 1137 3215 1233 3277; x_wconf 89' lang='lat' dir='ltr'>quam</span> 
     </span>
     <span class='ocr_line' id='line_1_25' title="bbox 87 3301 1233 3386; baseline 0.001 -20"><span class='ocrx_word' id='word_1_197' title='bbox 87 3304 181 3386; x_wconf 90' lang='lat' dir='ltr'>culpa</span> <span class='ocrx_word' id='word_1_198' title='bbox 213 3303 265 3367; x_wconf 91' lang='grc'>611.</span> <span class='ocrx_word' id='word_1_199' title='bbox 300 3307 421 3367; x_wconf 86' lang='lat' dir='ltr'>certum</span> <span class='ocrx_word' id='word_1_200' title='bbox 455 3301 618 3383; x_wconf 89' lang='lat' dir='ltr'>scriptoris</span> <span class='ocrx_word' id='word_1_201' title='bbox 652 3301 816 3366; x_wconf 88' lang='lat' dir='ltr'>cniusdam</span> <span class='ocrx_word' id='word_1_202' title='bbox 855 3301 976 3364; x_wconf 90' lang='lat' dir='ltr'>dictum</span> <span class='ocrx_word' id='word_1_203' title='bbox 1014 3306 1085 3365; x_wconf 89' lang='lat' dir='ltr'>ante</span> <span class='ocrx_word' id='word_1_204' title='bbox 1123 3302 1233 3367; x_wconf 91' lang='lat' dir='ltr'>oculos</span> 
     </span>
     <span class='ocr_line' id='line_1_26' title="bbox 87 3407 1235 3489; baseline -0.001 -17"><span class='ocrx_word' id='word_1_205' title='bbox 87 3410 234 3474; x_wconf 85' lang='lat' dir='ltr'>habuerit</span> <span class='ocrx_word' id='word_1_206' title='bbox 265 3409 349 3472; x_wconf 90' lang='lat' dir='ltr'>lraud</span> <span class='ocrx_word' id='word_1_207' title='bbox 382 3409 473 3473; x_wconf 86' lang='lat' dir='ltr'>facile</span> <span class='ocrx_word' id='word_1_208' title='bbox 504 3409 668 3473; x_wconf 85' lang='lat' dir='ltr'>diiudices.</span> <span class='ocrx_word' id='word_1_209' title='bbox 702 3407 816 3471; x_wconf 88' lang='grc'>16111116</span> <span class='ocrx_word' id='word_1_210' title='bbox 846 3426 920 3471; x_wconf 87' lang='grc'>6616</span> <span class='ocrx_word' id='word_1_211' title='bbox 950 3410 1095 3471; x_wconf 83' lang='lat' dir='ltr'>osteum</span> <span class='ocrx_word' id='word_1_212' title='bbox 1119 3407 1235 3489; x_wconf 87' lang='lat' dir='ltr'>psalmi</span> 
     </span>
     <span class='ocr_line' id='line_1_27' title="bbox 88 3514 1235 3599; baseline -0.001 -19"><span class='ocrx_word' id='word_1_213' title='bbox 88 3518 112 3580; x_wconf 83' lang='lat' dir='ltr'>L</span> <span class='ocrx_word' id='word_1_214' title='bbox 135 3516 426 3599; x_wconf 83' lang='lat' dir='ltr'>interpretationem</span> <span class='ocrx_word' id='word_1_215' title='bbox 450 3533 511 3577; x_wconf 92' lang='lat' dir='ltr'>non</span> <span class='ocrx_word' id='word_1_216' title='bbox 531 3514 719 3589; x_wconf 87' lang='lat' dir='ltr'>absoluisse‚</span> <span class='ocrx_word' id='word_1_217' title='bbox 740 3514 1133 3591; x_wconf 84' lang='grc'>6661661661666116666,</span> <span class='ocrx_word' id='word_1_218' title='bbox 1154 3534 1235 3596; x_wconf 90' lang='lat' dir='ltr'>quae</span> 
     </span>
     <span class='ocr_line' id='line_1_28' title="bbox 88 3620 1236 3703; baseline -0.001 -17"><span class='ocrx_word' id='word_1_219' title='bbox 88 3643 137 3688; x_wconf 87' lang='lat' dir='ltr'>res</span> <span class='ocrx_word' id='word_1_220' title='bbox 171 3627 276 3687; x_wconf 86' lang='lat' dir='ltr'>utrum</span> <span class='ocrx_word' id='word_1_221' title='bbox 312 3621 426 3686; x_wconf 90' lang='lat' dir='ltr'>oraturi</span> <span class='ocrx_word' id='word_1_222' title='bbox 459 3621 521 3702; x_wconf 90' lang='lat' dir='ltr'>ipsi</span> <span class='ocrx_word' id='word_1_223' title='bbox 549 3621 717 3685; x_wconf 88' lang='lat' dir='ltr'>tribuenda</span> <span class='ocrx_word' id='word_1_224' title='bbox 745 3640 782 3685; x_wconf 92' lang='lat' dir='ltr'>an</span> <span class='ocrx_word' id='word_1_225' title='bbox 812 3641 847 3686; x_wconf 90' lang='lat' dir='ltr'>eo</span> <span class='ocrx_word' id='word_1_226' title='bbox 877 3620 1059 3702; x_wconf 77' lang='lat' dir='ltr'>explicanda</span> <span class='ocrx_word' id='word_1_227' title='bbox 1083 3621 1126 3683; x_wconf 90' lang='lat' dir='ltr'>sit</span> <span class='ocrx_word' id='word_1_228' title='bbox 1150 3620 1236 3703; x_wconf 92' lang='lat' dir='ltr'>quod</span> 
     </span>
     <span class='ocr_line' id='line_1_29' title="bbox 89 3726 1237 3810; baseline 0.001 -19"><span class='ocrx_word' id='word_1_229' title='bbox 89 3732 162 3810; x_wconf 90' lang='lat' dir='ltr'>post</span> <span class='ocrx_word' id='word_1_230' title='bbox 187 3729 358 3792; x_wconf 91' lang='lat' dir='ltr'>sectionem</span> <span class='ocrx_word' id='word_1_231' title='bbox 384 3730 424 3791; x_wconf 79' lang='grc'>71</span> <span class='ocrx_word' id='word_1_232' title='bbox 450 3727 604 3810; x_wconf 89' lang='lat' dir='ltr'>quaedam</span> <span class='ocrx_word' id='word_1_233' title='bbox 627 3726 843 3791; x_wconf 89' lang='lat' dir='ltr'>interciderint</span> <span class='ocrx_word' id='word_1_234' title='bbox 866 3729 957 3810; x_wconf 91' lang='lat' dir='ltr'>plane</span> <span class='ocrx_word' id='word_1_235' title='bbox 981 3728 1136 3791; x_wconf 90' lang='lat' dir='ltr'>incertum</span> <span class='ocrx_word' id='word_1_236' title='bbox 1165 3745 1237 3792; x_wconf 86' lang='lat' dir='ltr'>esse</span> 
     </span>
     <span class='ocr_line' id='line_1_30' title="bbox 89 3833 1237 3918; baseline -0.001 -19"><span class='ocrx_word' id='word_1_237' title='bbox 89 3835 252 3914; x_wconf 83' lang='lat' dir='ltr'>linurinis,</span> <span class='ocrx_word' id='word_1_238' title='bbox 287 3836 340 3918; x_wconf 91' lang='lat' dir='ltr'>qui</span> <span class='ocrx_word' id='word_1_239' title='bbox 375 3834 412 3898; x_wconf 90' lang='lat' dir='ltr'>de</span> <span class='ocrx_word' id='word_1_240' title='bbox 446 3835 504 3898; x_wconf 92' lang='lat' dir='ltr'>hoc</span> <span class='ocrx_word' id='word_1_241' title='bbox 533 3835 641 3898; x_wconf 91' lang='lat' dir='ltr'>libello</span> <span class='ocrx_word' id='word_1_242' title='bbox 671 3834 792 3898; x_wconf 87' lang='lat' dir='ltr'>utiliter</span> <span class='ocrx_word' id='word_1_243' title='bbox 820 3834 1072 3915; x_wconf 86' lang='lat' dir='ltr'>disputauerunt,</span> <span class='ocrx_word' id='word_1_244' title='bbox 1101 3833 1237 3898; x_wconf 89' lang='lat' dir='ltr'>libenter</span> 
     </span>
     <span class='ocr_line' id='line_1_31' title="bbox 90 3940 1237 4024; baseline -0.002 -18"><span class='ocrx_word' id='word_1_245' title='bbox 90 3943 257 4008; x_wconf 89' lang='lat' dir='ltr'>adsentior.</span> <span class='ocrx_word' id='word_1_246' title='bbox 282 3942 350 4006; x_wconf 88' lang='lat' dir='ltr'>ficri</span> <span class='ocrx_word' id='word_1_247' title='bbox 374 3946 457 4005; x_wconf 90' lang='lat' dir='ltr'>certe</span> <span class='ocrx_word' id='word_1_248' title='bbox 481 3942 646 4024; x_wconf 89' lang='lat' dir='ltr'>putuitut</span> <span class='ocrx_word' id='word_1_249' title='bbox 669 3941 736 4005; x_wconf 90' lang='grc'>6166</span> <span class='ocrx_word' id='word_1_250' title='bbox 761 3940 815 4021; x_wconf 90' lang='lat' dir='ltr'>qui</span> <span class='ocrx_word' id='word_1_251' title='bbox 839 3941 897 4003; x_wconf 84' lang='lat' dir='ltr'>lios</span> <span class='ocrx_word' id='word_1_252' title='bbox 922 3958 1082 4003; x_wconf 88' lang='lat' dir='ltr'>sermones</span> <span class='ocrx_word' id='word_1_253' title='bbox 1112 3959 1147 4002; x_wconf 83' lang='lat' dir='ltr'>ea</span> <span class='ocrx_word' id='word_1_254' title='bbox 1171 3958 1237 4004; x_wconf 90' lang='lat' dir='ltr'>cor-</span> 
     </span>
     <span class='ocr_line' id='line_1_32' title="bbox 89 4047 1236 4134; baseline 0.002 -23"><span class='ocrx_word' id='word_1_255' title='bbox 89 4070 164 4132; x_wconf 90' lang='lat' dir='ltr'>pore</span> <span class='ocrx_word' id='word_1_256' title='bbox 193 4069 306 4134; x_wconf 89' lang='lat' dir='ltr'>magno</span> <span class='ocrx_word' id='word_1_257' title='bbox 336 4049 514 4132; x_wconf 87' lang='lat' dir='ltr'>desumpsit</span> <span class='ocrx_word' id='word_1_258' title='bbox 543 4067 644 4112; x_wconf 91' lang='lat' dir='ltr'>errore</span> <span class='ocrx_word' id='word_1_259' title='bbox 672 4067 743 4129; x_wconf 89' lang='lat' dir='ltr'>pars</span> <span class='ocrx_word' id='word_1_260' title='bbox 777 4048 891 4110; x_wconf 89' lang='lat' dir='ltr'>ultima</span> <span class='ocrx_word' id='word_1_261' title='bbox 923 4047 1236 4128; x_wconf 86' lang='lat' dir='ltr'>praetermitteretur.</span> 
     </span>
    </p>
   </div>
   <div class='ocr_carea' id='block_1_3' title="bbox 92 4235 1239 4661">
    <p class='ocr_par' dir='ltr' id='par_1_3' title="bbox 92 4235 1239 4572">
     <span class='ocr_line' id='line_1_33' title="bbox 138 4235 1238 4309; baseline -0.002 -16"><span class='ocrx_word' id='word_1_262' title='bbox 138 4240 367 4309; x_wconf 71' lang='grc'>11116616116661</span> <span class='ocrx_word' id='word_1_263' title='bbox 391 4257 421 4292; x_wconf 84' lang='lat' dir='ltr'>ex</span> <span class='ocrx_word' id='word_1_264' title='bbox 444 4240 495 4292; x_wconf 89' lang='grc'>1166</span> <span class='ocrx_word' id='word_1_265' title='bbox 520 4239 647 4308; x_wconf 89' lang='grc'>66666616</span> <span class='ocrx_word' id='word_1_266' title='bbox 673 4237 876 4290; x_wconf 84' lang='grc'>661616616116</span> <span class='ocrx_word' id='word_1_267' title='bbox 901 4237 1100 4291; x_wconf 85' lang='lat' dir='ltr'>Commentario</span> <span class='ocrx_word' id='word_1_268' title='bbox 1120 4237 1147 4288; x_wconf 93' lang='lat' dir='ltr'>in</span> <span class='ocrx_word' id='word_1_269' title='bbox 1168 4235 1238 4291; x_wconf 81' lang='lat' dir='ltr'>Can·</span> 
     </span>
     <span class='ocr_line' id='line_1_34' title="bbox 92 4323 1238 4397; baseline -0.001 -18"><span class='ocrx_word' id='word_1_270' title='bbox 92 4329 146 4381; x_wconf 84' lang='lat' dir='ltr'>tica</span> <span class='ocrx_word' id='word_1_271' title='bbox 166 4328 337 4382; x_wconf 84' lang='lat' dir='ltr'>Canticorurn</span> <span class='ocrx_word' id='word_1_272' title='bbox 357 4347 370 4381; x_wconf 91' lang='lat' dir='ltr'>e</span> <span class='ocrx_word' id='word_1_273' title='bbox 390 4328 497 4397; x_wconf 87' lang='lat' dir='ltr'>scriptis</span> <span class='ocrx_word' id='word_1_274' title='bbox 517 4345 537 4379; x_wconf 87' lang='grc'>6.</span> <span class='ocrx_word' id='word_1_275' title='bbox 554 4326 688 4381; x_wconf 78' lang='lat' dir='ltr'>Ambrosii</span> <span class='ocrx_word' id='word_1_276' title='bbox 709 4343 723 4378; x_wconf 87' lang='lat' dir='ltr'>a</span> <span class='ocrx_word' id='word_1_277' title='bbox 743 4325 877 4378; x_wconf 88' lang='lat' dir='ltr'>Guilelmo</span> <span class='ocrx_word' id='word_1_278' title='bbox 898 4326 970 4394; x_wconf 87' lang='lat' dir='ltr'>prius</span> <span class='ocrx_word' id='word_1_279' title='bbox 991 4323 1089 4376; x_wconf 88' lang='lat' dir='ltr'>abbate</span> <span class='ocrx_word' id='word_1_280' title='bbox 1109 4344 1129 4377; x_wconf 92' lang='lat' dir='ltr'>s.</span> <span class='ocrx_word' id='word_1_281' title='bbox 1150 4325 1238 4378; x_wconf 82' lang='grc'>11166·</span> 
     </span>
     <span class='ocr_line' id='line_1_35' title="bbox 93 4414 1239 4485; baseline -0.001 -16"><span class='ocrx_word' id='word_1_282' title='bbox 93 4417 174 4470; x_wconf 89' lang='lat' dir='ltr'>dcrici</span> <span class='ocrx_word' id='word_1_283' title='bbox 203 4416 275 4485; x_wconf 88' lang='lat' dir='ltr'>apud</span> <span class='ocrx_word' id='word_1_284' title='bbox 302 4418 409 4482; x_wconf 79' lang='grc'>1166166,</span> <span class='ocrx_word' id='word_1_285' title='bbox 438 4419 532 4484; x_wconf 85' lang='lat' dir='ltr'>postea</span> <span class='ocrx_word' id='word_1_286' title='bbox 559 4414 689 4467; x_wconf 87' lang='lat' dir='ltr'>monacho</span> <span class='ocrx_word' id='word_1_287' title='bbox 719 4414 888 4483; x_wconf 75' lang='lat' dir='ltr'>Sigrriaccnsi</span> <span class='ocrx_word' id='word_1_288' title='bbox 915 4414 1038 4468; x_wconf 86' lang='lat' dir='ltr'>collecto.</span> <span class='ocrx_word' id='word_1_289' title='bbox 1064 4430 1141 4481; x_wconf 84' lang='lat' dir='ltr'>quem</span> <span class='ocrx_word' id='word_1_290' title='bbox 1169 4414 1239 4468; x_wconf 86' lang='lat' dir='ltr'>circa</span> 
     </span>
     <span class='ocr_line' id='line_1_36' title="bbox 93 4503 1192 4572; baseline -0.001 -14"><span class='ocrx_word' id='word_1_291' title='bbox 93 4524 191 4559; x_wconf 86' lang='lat' dir='ltr'>annurn</span> <span class='ocrx_word' id='word_1_292' title='bbox 210 4506 359 4560; x_wconf 79' lang='lat' dir='ltr'>MCXXXX</span> <span class='ocrx_word' id='word_1_293' title='bbox 379 4506 476 4558; x_wconf 86' lang='lat' dir='ltr'>uixisse</span> <span class='ocrx_word' id='word_1_294' title='bbox 496 4504 612 4557; x_wconf 86' lang='lat' dir='ltr'>illauriui</span> <span class='ocrx_word' id='word_1_295' title='bbox 632 4507 769 4565; x_wconf 87' lang='lat' dir='ltr'>statuuut;</span> <span class='ocrx_word' id='word_1_296' title='bbox 792 4503 824 4555; x_wconf 86' lang='grc'>61.</span> <span class='ocrx_word' id='word_1_297' title='bbox 844 4504 896 4556; x_wconf 93' lang='grc'>661.</span> <span class='ocrx_word' id='word_1_298' title='bbox 917 4503 929 4555; x_wconf 94' lang='grc' dir='ltr'>Ι</span> <span class='ocrx_word' id='word_1_299' title='bbox 949 4521 974 4572; x_wconf 90' lang='lat' dir='ltr'>p.</span> <span class='ocrx_word' id='word_1_300' title='bbox 995 4504 1046 4556; x_wconf 77' lang='lat'>705</span> <span class='ocrx_word' id='word_1_301' title='bbox 1067 4507 1094 4555; x_wconf 86' lang='lat' dir='ltr'>et</span> <span class='ocrx_word' id='word_1_302' title='bbox 1116 4504 1192 4557; x_wconf 77' lang='lat'>1545.</span> 
     </span>
    </p>

    <p class='ocr_par' dir='ltr' id='par_1_4' title="bbox 139 4595 355 4661">
     <span class='ocr_line' id='line_1_37' title="bbox 139 4595 355 4661; baseline -0.005 -13"><span class='ocrx_word' id='word_1_303' title='bbox 139 4595 159 4661; x_wconf 81' lang='lat'>²)</span> <span class='ocrx_word' id='word_1_304' title='bbox 181 4596 293 4658; x_wconf 81' lang='grc'>61378,</span> <span class='ocrx_word' id='word_1_305' title='bbox 316 4597 355 4649; x_wconf 93' lang='lat' dir='ltr'>ll.</span> 
     </span>
    </p>
   </div>
   <div class='ocr_carea' id='block_1_4' title="bbox 0 0 1426 5168">
    <p class='ocr_par' dir='ltr' id='par_1_5' title="bbox 0 0 1426 5168">
     <span class='ocr_line' id='line_1_38' title="bbox 0 0 1426 5168; baseline 0 0"><span class='ocrx_word' id='word_1_306' title='bbox 0 0 1426 5168; x_wconf 95' lang='lat' dir='ltr'> </span> 
     </span>
    </p>
   </div>
  </div>
 </body>
</html>
