2804 5168
528 277 744 334 Praelatio.
1091 284 1213 349 XXVH

68 474 195 540 alterius
210 473 303 538 libris
322 492 429 538 ueram
451 473 639 557 scripturam
661 478 763 539 extare
783 475 940 553 uidemus,
961 496 1041 560 quae
1060 477 1211 544 lectiones

67 585 170 645 utrum
197 599 233 645 ex
253 580 322 664 ipso
342 580 511 664 archetypo
530 585 721 665 propagatae
741 601 778 645 an
799 601 834 646 ex
854 582 1035 647 coniectura
1053 585 1212 665 profectae

67 688 127 752 sint
156 706 232 752 sane
262 686 409 751 dubitari
426 690 542 768 potest.
576 686 787 771 grauissimus
815 691 921 752 autem
944 688 975 752 in
1002 689 1060 753 hac
1085 709 1117 754 re
1142 709 1212 754 esse

65 795 193 860 uidetur
216 794 243 857 is
268 793 322 876 qui
347 794 445 870 83,9
478 793 605 877 legitur,
631 813 692 875 444
726 813 761 857 er
794 794 909 876 psalmi
940 794 1084 860 CXXXX
1116 816 1211 861 uersu

65 901 164 966 altero
193 900 292 965 uerba
320 899 473 982 quaedam
504 918 646 964 sermone
672 899 791 965 Graeco
821 900 1004 966 adferuntur
1027 901 1057 966 in
1082 903 1211 968 alterius

65 1009 191 1095 generis
222 1008 313 1072 libris
345 1009 478 1092 integra,
511 1009 542 1072 in
575 1007 687 1091 prioris
720 1008 894 1086 codicibus,
928 1010 1012 1092 quod
1044 1011 1076 1073 in
1106 1010 1211 1074 uerbis

66 1115 196 1182 Graccis
224 1133 459 1197 nonnumquam
486 1114 554 1178 fieri
584 1114 716 1190 solebat,
746 1115 906 1180 mutilata.
936 1116 991 1180 sed
1015 1116 1151 1181 fortasse
1177 1137 1213 1180 ea

66 1242 145 1305 quae
171 1222 201 1286 iu
224 1222 251 1285 B
275 1221 408 1303 eiusque
432 1220 602 1304 propagine
630 1221 748 1285 omissa
772 1225 847 1286 sunt
869 1223 907 1286 ab
928 1222 1054 1287 bomine
1075 1222 1211 1303 quodam

66 1348 101 1392 ex
133 1328 285 1412 psalterio
310 1326 430 1392 Gracco
464 1327 516 1390 uel
541 1325 761 1391 Graeculatino
790 1329 938 1410 suppleta
967 1347 1037 1392 4444
1061 1328 1210 1404 44414144,

66 1436 117 1500 441
139 1435 185 1499 rei
207 1434 422 1517 interpretatio
441 1433 552 1497 Latina
575 1433 605 1496 in
626 1432 653 1496 V
677 1433 800 1498 adiecta
823 1434 960 1517 quodam
984 1435 1078 1499 modo
1101 1434 1210 1499 fauere

66 1542 204 1607 uidetur.
237 1541 349 1607 deinde
383 1541 409 1606 si
438 1541 496 1604 hos
519 1540 622 1604 locos:
654 1541 705 1617 73,
732 1541 772 1604 13
797 1561 898 1620 eoque,
925 1542 977 1618 74,
1003 1543 1044 1605 19
1067 1542 1210 1620 nescisse,

67 1651 118 1726 81,
147 1651 186 1712 15
214 1648 330 1728 414νὶ4,
364 1648 461 1725 87,2
494 1668 541 1721 44,
565 1648 618 1725 05,
649 1648 669 1710 3
702 1667 739 1710 44
770 1645 919 1722 libertate,
944 1649 997 1717 95,
1023 1650 1211 1729 04441444,

69 1757 142 1832 103,
176 1757 219 1818 22
249 1756 382 1836 parianus,
419 1755 494 1831 104,
529 1756 543 1816 1
579 1753 760 1826 celeriorem,
792 1755 864 1831 118,
894 1757 934 1816 21
968 1755 1043 1834 arisi,
1070 1756 1143 1829 147,
1170 1754 1209 1817 17

61 1867 271 1942 pcccatorum,
299 1861 372 1937 148,
396 1861 416 1923 0
439 1878 538 1936 cassu,
565 1859 637 1935 140,
662 1860 704 1920 22
728 1857 897 1921 circanam
919 1860 1102 1941 1444444114,
1126 1864 1210 1926 certe

69 1969 144 2033 baec
168 1967 274 2032 omnia
296 1966 388 2031 144114
413 1965 610 2031 coniecturae
639 1984 698 2047 ope
725 1965 852 2029 restitui
878 1966 1022 2048 potuisse
1046 1969 1208 2033 concedes.

68 2094 161 2159 quam
191 2074 230 2139 ob
257 2093 324 2138 rem
352 2073 471 2138 codicis
496 2074 522 2136 B
545 2071 693 2155 uestigiis
722 2071 854 2135 11441144
880 2073 970 2137 44114
998 2074 1209 2138 insistendum

69 2185 117 2247 441
148 2198 251 2262 44444
284 2179 344 2243 4141
377 2178 568 2244 necessitate
600 2181 762 2259 premente
795 2178 834 2242 ab
872 2179 917 2243 414
951 2179 1211 2265 44444444441)

68 2308 102 2354 44
133 2288 214 2352 1444
247 2287 381 2371 contigit
410 2289 448 2350 ut
480 2285 641 2369 grauiores
664 2285 696 2347 in
721 2303 756 2348 44
781 2285 977 2367 corruptelae
1000 2304 1068 2350 raro
1091 2285 1211 2350 inueni-

68 2400 169 2470 antur,
193 2394 296 2459 ueluti
320 2395 374 2470 02,
394 2395 424 2470 0,
444 2412 505 2474 444
529 2392 600 2455 1444
623 2391 736 2454 444114
759 2396 803 2454 est
822 2390 1052 2473 Aepyptiarum
1075 2392 1210 2456 scriben-

69 2502 141 2566 dum
176 2520 246 2566 4444
277 2499 357 2563 milri
388 2500 542 2581 persuasi.
579 2497 634 2564 sed
666 2497 699 2562 io
732 2497 815 2578 quod
844 2497 1028 2579 plerumque
1057 2498 1087 2561 in
1120 2498 1211 2562 libris

68 2608 207 2691 antiquis
231 2606 419 2670 obseruator
439 2605 563 2669 lacunis
588 2605 783 2669 deformatus
807 2609 865 2667 441.
891 2603 983 2667 44144
1007 2605 1052 2668 rei
1070 2604 1211 2668 luculen-

67 2718 134 2779 tum
159 2713 339 2794 exemplum
362 2711 460 2776 habes
487 2713 559 2789 141,
581 2713 614 2786 3;
640 2711 691 2775 hic
715 2711 797 2774 enim
821 2709 920 2773 uerba
941 2709 1094 2773 Chauco-u
1117 2730 1212 2791 4444

68 2820 186 2886 librarii
211 2820 312 2884 oculis
336 2838 354 2883 a
380 2816 604 2881 (3144444-
629 2817 713 2899 quod
742 2816 825 2882 haud
854 2835 922 2881 raro
951 2815 1113 2880 01444444
1138 2817 1212 2882 4411-

68 2927 153 2992 bitur
176 2963 220 2974 —
245 2925 284 2990 ad
311 2924 411 2989 014444
443 2924 660 2988 aberrantibus
694 2924 813 2987 omissa
844 2923 923 2986 mibi
956 2942 1025 2987 esse
1054 2923 1211 2988 uidentur.

68 3034 151 3100 idem
185 3034 274 3099 ualet
306 3032 344 3097 de
377 3033 447 3097 loco
475 3033 547 3105 155,
574 3032 602 3105 7,
628 3049 689 3112 444
719 3029 815 3095 simili
845 3050 946 3095 errore
974 3031 1072 3095 uerba
1095 3051 1213 3094 cormac

68 3142 169 3223 144144
195 3139 395 3205 intercidisse
423 3138 554 3204 conicio.
586 3140 658 3214 105,
689 3138 707 3201 7
729 3143 866 3217 perteus
894 3143 966 3201 ante
988 3157 1109 3217 ecarqrer
1131 3137 1213 3201 insc-

68 3249 200 3313 rendum
233 3265 304 3311 4444
336 3249 368 3310 41
399 3245 500 3309 141144
532 3244 594 3309 1441
628 3245 874 3309 conformatione
904 3247 935 3308 et
963 3244 1008 3307 eis
1033 3262 1112 3326 quae
1140 3246 1211 3324 104,

70 3357 109 3419 23
131 3356 286 3439 leguntur
303 3352 516 3418 commendari
535 3352 671 3417 uidetur.
692 3350 748 3415 sed
771 3351 842 3427 114,
863 3352 882 3413 8
903 3368 950 3430 sq.
970 3350 1038 3414 iure
1058 3351 1212 3434 ambigas,

68 3466 173 3526 utrum
204 3466 372 3541 1444414144
399 3458 609 3541 supplendum
639 3477 676 3521 an
705 3458 822 3521 444414
844 3478 864 3519 4
888 3457 1020 3521 delenda
1043 3458 1098 3531 siu
1129 3462 1213 3522 certe

69 3587 103 3632 44
126 3568 255 3633 4411414
282 3567 341 3632 144
371 3565 568 3630 enuntiatum
597 3565 700 3650 magis
725 3565 753 3629 ei
778 3563 861 3646 quod
886 3565 1030 3645 sequitur
1053 3568 1211 3630 conuenit.

69 3674 204 3757 lenique
227 3672 366 3737 breuiter
383 3674 510 3755 tangam
528 3671 633 3735 locum
657 3672 729 3745 144,
750 3672 792 3732 22
813 3689 880 3751 444.
901 3688 962 3751 444
982 3671 1116 3734 fortasse
1138 3672 1212 3735 onlo

70 3782 281 3847 membrorum
305 3781 339 3843 et
359 3778 391 3842 in
416 3778 573 3861 scriptura
596 3796 685 3842 sacra
709 3781 740 3840 41
764 3776 795 3839 14
815 3776 941 3840 VN‘TD
962 3776 1097 3841 traditus
1122 3780 1213 3842 resti-

113 3940 133 4006 ¹)
155 3955 234 4008 qaam
253 3953 310 3990 rem
330 3941 360 3990 ut
379 3935 500 4005 exemplo
519 3933 634 4004 quodam
655 3933 817 3995 confirmem,
836 3933 924 3987 locum
946 3934 991 4002 qui
1013 3935 1070 3992 132.
1091 3935 1212 4002 221441-

69 4031 112 4082 tur
131 4026 237 4081 adferre
255 4026 322 4079 mihi
341 4025 431 4078 liceat.
450 4027 528 4094 patet
547 4023 617 4076 enim
639 4022 846 4090 benedictiones,
861 4022 932 4092 44441
948 4023 969 4075 Β
986 4026 1014 4075 ct
1024 4023 1057 4077 11⁴
1074 4021 1211 4091 praebent,

68 4117 93 4171 14
114 4115 312 4171 benedictionis
328 4111 495 4180 mutandam,
513 4129 567 4166 non
587 4116 677 4165 autem
697 4128 756 4165 curu
776 4113 872 4166 ceteris
891 4111 1076 4164 benedictione
1094 4110 1211 4163 scriben-

69 4203 131 4259 dum
151 4219 219 4258 esse.
