2804 5168
128 692 170 754 16
493 714 495 718 Δ
599 686 800 740 Ambrosii

127 882 234 946 minus
262 882 363 965 primo
390 881 495 965 legem
523 881 620 958 dedit,
645 881 696 945 cui
719 900 809 945 meus
834 880 971 945 hominis
996 898 1065 944 sese
1090 880 1128 943 ad
1153 885 1273 963 optem·

120 989 299 1071 perandum
333 988 421 1053 dedit
452 993 485 1053 ot
517 988 545 1052 ei
577 989 697 1052 seruire
730 988 907 1070 cespitat
934 991 1019 1051 esset
1047 987 1187 1062 subdita;
1217 988 1274 1051 sed
1338 989 1361 1043 Ε

123 1114 198 1160 caro
232 1081 376 1160 subiecta
408 1115 469 1159 non
503 1101 578 1168 erat,
613 1095 688 1177 quia
720 1095 875 1177 sapientia
907 1093 1008 1158 carnis
1040 1113 1102 1157 nou
1131 1097 1181 1157 est
1210 1094 1275 1177 legi

123 1202 257 1267 subdita
275 1206 307 1266 et
325 1202 502 1285 praeceptis
523 1202 591 1266 eius
610 1202 816 1285 repugnabat.
837 1219 897 1264 nou
918 1200 1000 1264 enim
1020 1203 1144 1282 poterat
1161 1200 1275 1263 uirtuti

123 1309 275 1373 oboedire
295 1308 525 1392 cupiditatibus
546 1308 651 1373 dedita
670 1312 703 1372 et
720 1307 884 1372 lenociniis
904 1307 1081 1371 carnalibus
1100 1306 1274 1389 implicata.
1307 1328 1320 1367 s

87 1462 90 1469 .
124 1413 198 1479 ideo
222 1415 431 1479 laborandum
456 1420 515 1489 est,
541 1417 577 1479 ut
599 1419 765 1479 teneamus
790 1414 840 1478 dei
869 1413 1012 1496 gratiam.
1050 1432 1138 1477 mens
1167 1412 1275 1496 itaque

125 1522 219 1591 bona.
254 1522 281 1586 si
314 1522 428 1587 rationi
460 1521 612 1599 intendat,
646 1521 701 1585 sed
736 1540 847 1604 parum
877 1520 1028 1602 perfecta,
1062 1520 1124 1584 nisi
1160 1520 1277 1585 habeat

126 1629 379 1712 gubernaculum
404 1628 533 1694 Christi.
557 1629 647 1692 uenit
669 1628 751 1691 enim
776 1626 922 1691 dominus
946 1627 1047 1701 Iesus,
1073 1626 1128 1709 qui
1151 1630 1277 1691 nostras

128 1735 292 1818 passiones
317 1734 403 1799 cruci
423 1754 500 1799 suae
519 1734 681 1817 adigeret,
700 1738 831 1815 peccata
850 1733 988 1798 donaret.
1012 1734 1044 1797 in
1064 1733 1154 1798 errius
1175 1739 1276 1798 morte

127 1840 294 1905 iustificati
316 1859 439 1917 sumus,
464 1845 501 1905 ut
522 1845 611 1905 totus
635 1840 771 1904 mundus
796 1840 864 1904 eius
888 1839 1092 1904 mundaretur
1111 1840 1274 1924 sauguine.
1296 1844 1360 1901 ros

72 1947 264 2030 18denique
289 1947 321 2011 in
351 1952 452 2011 morte
480 1947 583 2030 ipsius
610 1946 763 2029 baptizati
792 1966 914 2012 sumus.
948 1947 975 2010 si
1004 1947 1102 2030 igitur
1131 1947 1161 2010 in
1186 1947 1276 2010 illins

128 2058 229 2119 morte
267 2053 473 2118 dimittuntur
509 2054 600 2118 uobis
637 2056 777 2136 peccata.
811 2055 907 2118 ctiam
943 2057 1143 2135 peccatorum
1184 2053 1277 2118 nobis

128 2161 292 2243 passiones
306 2160 338 2224 in
354 2160 442 2225 illius
457 2168 557 2224 morte
572 2161 756 2237 moriautur,
771 2160 859 2225 illius
875 2160 977 2224 crucis
993 2161 1094 2249 clauis
1109 2164 1278 2224 teneantur

127 2265 257 2330 adfixae.
278 2265 305 2329 si
327 2265 358 2329 in
377 2265 467 2330 illius
486 2267 588 2329 morte
607 2265 724 2329 mortui
743 2285 866 2342 sumus,
886 2265 962 2347 quid
979 2266 1094 2330 iterum
1113 2268 1277 2347 tamquam

128 2373 276 2438 uiuentes
291 2373 331 2436 ad
350 2392 386 2436 ea
405 2392 484 2455 quae
503 2375 579 2437 suut
597 2372 755 2437 mundana
772 2373 978 2440 reuocamur?
998 2372 1073 2455 quid
1093 2373 1184 2437 nobis
1204 2391 1278 2437 cum
1298 2395 1322 2433 rs

127 2478 295 2543 elementis
312 2478 432 2554 mundi,
444 2477 520 2559 quid
537 2497 608 2541 curn
624 2477 864 2559 cupiditatibus,
876 2477 952 2559 quid
968 2479 1172 2542 cumlururia
1182 2481 1278 2560 atque

128 2586 275 2663 lasciuia,
300 2585 415 2668 quibus
442 2585 474 2648 in
503 2583 628 2648 Christo
657 2585 773 2649 mortui
802 2583 935 2650 sumus?
973 2585 1087 2667 quodsi
1110 2605 1222 2651 sumus
1246 2588 1277 2650 in

130 2692 260 2758 Christo
288 2691 415 2768 mortui,
445 2691 476 2754 in
505 2690 632 2756 Christo
660 2691 902 2765 resurreximus3
932 2709 1004 2755 cum
1029 2691 1155 2756 Christo
1179 2692 1279 2775 igitur

131 2817 307 2874 uersemur,
332 2817 404 2862 cum
429 2797 554 2863 Christo
579 2798 741 2879 superiora
765 2816 844 2878 quae
869 2801 952 2873 sunt,
971 2818 1032 2862 non
1052 2818 1132 2880 qrrae
1152 2818 1278 2881 corrup·
1323 2807 1357 2858 45

127 2904 238 2968 sibilia
252 2909 284 2968 et
299 2908 423 2969 terrena
437 2923 634 2987 quaeramus.
654 2903 800 2968 Christus
816 2922 948 2987 surgens
959 2925 977 2968 a
989 2906 1122 2969 mortuis
1138 2910 1278 2971 ueterem
1297 2929 1323 2969 ao

128 3011 293 3075 homiuem
317 3010 452 3075 adfixum
477 3010 563 3075 cruci
586 3010 726 3093 reliquit,
751 3030 868 3075 nouum
892 3011 1107 3075 resuscitauit.
1132 3011 1279 3078 Christus

128 3118 204 3182 ideo
232 3120 376 3181 mortuus
406 3120 466 3194 est,
494 3119 532 3181 ut
559 3121 591 3181 et
619 3137 675 3181 nos
703 3120 834 3199 peccato
864 3135 1066 3196 moreremur,
1092 3118 1149 3182 deo
1174 3139 1279 3184 resur-

131 3243 291 3308 geremus.
307 3228 432 3288 mortua
446 3226 495 3289 est
509 3242 579 3289 caro
594 3228 711 3302 nostra,
728 3223 802 3305 quid
818 3224 932 3287 iterum
948 3230 1076 3306 peccato
1095 3225 1280 3295 reuiuescit.

128 3331 209 3413 quid
236 3330 352 3395 iterum
380 3334 509 3413 peccato
539 3330 687 3394 oboedit?
725 3330 800 3413 quid
827 3330 943 3394 iterum
970 3336 1136 3412 peccatum
1170 3340 1281 3417 regnat

130 3438 162 3501 in
186 3437 331 3512 mortuis
357 3456 429 3501 cum
453 3457 536 3502 mors
560 3437 632 3502 finis
656 3438 777 3519 peccati
802 3437 866 3503 sit?
896 3438 1013 3501 mortui
1039 3458 1151 3503 surmus
1176 3458 1279 3515 carne,
1299 3465 1324 3503 a,

221 3626 347 3682 3ICor.
370 3630 393 3691 1,
413 3630 447 3683 26
502 3629 714 3685 aaronica

169 3787 182 3840 1
194 3785 469 3856 adoptemperandunr
480 3788 507 3839 P
517 3786 562 3851 (do
576 3788 607 3839 iu
622 3793 688 3854 rurs.)
745 3789 844 3858 ‘dcepit
855 3788 913 3841 AV
965 3749 1037 3842 assit
1047 3789 1071 3858 (t
1079 3806 1100 3842 a.
1112 3807 1138 3842 u.
1147 3794 1204 3854 7112)
1216 3768 1280 3844 sub·

125 3875 190 3929 dita
202 3876 228 3927 A
244 3877 280 3939 (κῖ
290 3879 346 3941 arr-2)
361 3875 472 3929 subdita
487 3880 559 3929 esset
576 3876 600 3928 Τ
652 3879 668 3930 5
683 3877 823 3947 implicata
838 3878 982 3948 (implicita
996 3881 1053 3942 νηὶ)
1065 3879 1090 3930 Α
1145 3879 1162 3932 8
1177 3878 1275 3948 guber·

129 3964 227 4019 nacula
248 3965 291 4020 Ψ
344 3967 361 4018 9
385 3967 470 4018 crucis
488 3967 515 4018 A
537 3973 559 4029 (s
579 3970 650 4035 erp.)
670 3966 697 4019 P
715 3971 738 4031 (s
757 3970 837 4031 eros.)
896 3968 927 4020 13
946 3968 973 4019 in
994 3967 1066 4020 illius
1086 3969 1170 4020 crucis
1188 3969 1215 4021 A
1235 3969 1273 4037 (iu

125 4052 182 4106 uel.
201 4054 301 4119 mar>
354 4053 448 4107 affixae
462 4055 689 4110 concentorum
738 4055 769 4107 17
784 4057 832 4108 ott.
848 4058 874 4108 in
890 4043 1066 4126 speraram
1124 4058 1156 4111 18
1175 4059 1275 4111 mortui

119 4148 191 4212 vpout
208 4143 235 4194 in
252 4142 359 4196 Christo
376 4144 534 4210 tranuponit
552 4145 638 4196 autA
711 4145 737 4197 iu
758 4129 812 4211 ᾗ
829 4152 894 4198 ante
907 4161 1002 4198 resurr.
1018 4162 1068 4198 oar.
1085 4146 1139 4199 ΡΙ)
1194 4147 1221 4210 in
1243 4151 1280 4216 (Ι

128 4236 177 4286 m2
195 4235 239 4295 cb)
263 4231 293 4293 T,
312 4232 344 4283 r'a
362 4247 416 4299 quo
435 4232 532 4284 danda
551 4236 598 4285 m2
616 4232 668 4285 dcl.
688 4249 748 4286 cum
764 4220 818 4302 x—po
873 4234 907 4287 20
926 4250 1067 4302 resurgens
1082 4234 1140 4287 NT
1157 4238 1232 4298 (res.
1247 4254 1274 4289 a.

129 4324 186 4386 at2)
207 4320 236 4373 D
326 4321 358 4374 21
390 4321 475 4374 crucis
493 4323 528 4384 A,
548 4337 598 4374 om.
624 4320 685 4384 VN,
704 4323 776 4374 cruci
794 4340 814 4375 s.
835 4323 911 4375 eaT
998 4324 1033 4375 22
1058 4329 1089 4376 ut
1110 4327 1133 4389 (t
1150 4341 1171 4377 s.
1191 4329 1230 4390 u.)
1251 4326 1278 4377 A

130 4410 165 4463 23
185 4411 227 4462 est
245 4409 276 4461 in
294 4425 349 4462 rus.
370 4415 418 4462 aa?
435 4410 469 4464 ἓν
488 4414 531 4474 (ec
550 4417 614 4461 sunt
632 4416 663 4462 ut
681 4411 803 4478 uidetur)
878 4414 919 4464 est
939 4416 1029 4465 autem
1045 4416 1071 4464 A
1093 4417 1195 4478 (autem
1213 4430 1236 4467 a.
1261 4430 1281 4466 u

125 4497 188 4566 au2)
211 4497 237 4550 T
325 4498 470 4551 reuiuescit
489 4498 588 4551 Ave
606 4503 649 4551 ml
666 4499 691 4555 ⁵21
709 4500 850 4553 reuiuiscit
868 4501 949 4556 uma
968 4506 1014 4554 cet.
1106 4503 1140 4554 24
1169 4507 1281 4571 peccato

125 4588 160 4651 ti
179 4601 199 4638 s.
221 4603 236 4638 o
256 4590 313 4651 m2)
334 4589 476 4655 regnatA
531 4589 565 4641 25
585 4588 658 4641 carni
678 4589 705 4642 P
