2804 5168
143 695 209 760 400
599 688 820 761 [Ambrosii]

144 886 363 961 condemnant,
392 905 463 950 meo
491 887 678 969 respondere
707 905 861 965 sermone,
891 889 923 951 et
948 888 994 952 ita
1021 888 1128 952 fauore
1161 889 1291 953 uestrae

143 995 361 1059 unanimitatis
390 996 545 1058 tractatus
574 994 672 1059 nostri
701 1013 814 1058 cursus
843 993 957 1071 euasit,
991 997 1028 1058 ut
1058 992 1290 1075 praedicandus

143 1101 211 1165 iure
240 1101 387 1165 omnibns
415 1100 579 1164 uideretur
606 1119 699 1182 quem
727 1100 918 1183 putabamus
947 1120 1007 1165 non
1031 1120 1126 1182 posse
1151 1101 1289 1166 defendi.

144 1207 200 1272 sed
225 1207 373 1288 quoniam
397 1210 505 1271 nostro
530 1208 579 1270 nir
603 1211 732 1271 sanctus
757 1208 871 1272 auxilio
896 1227 957 1271 non
981 1208 1114 1292 indiget,
1138 1208 1203 1272 iam
1221 1208 1291 1291 ipse

145 1314 238 1378 uobis
260 1334 317 1396 pro
342 1333 376 1378 se
398 1315 548 1395 loquatur
571 1318 603 1378 et
626 1315 746 1377 factum
771 1334 865 1377 suum
884 1297 986 1396 ipsius
1006 1314 1089 1378 diota
1109 1314 1290 1379 defendant.
1318 1335 1331 1374 a

36 1419 158 1503 lasa·
189 1421 369 1485 Miserere
406 1421 476 1486 mei
513 1421 627 1503 inquit,
667 1421 828 1498 domine,
872 1421 1078 1485 secundum
1120 1441 1291 1506 magnam
1337 1431 1381 1489 ci)

144 1527 445 1593 misericordiam
470 1528 581 1593 tuam.
605 1547 687 1591 noua
711 1527 742 1590 ni
765 1528 867 1604 fallor,
892 1528 1004 1592 fratres
1029 1528 1198 1605 carissimi,
1219 1546 1292 1593 con-

143 1634 264 1699 iunctio
296 1634 360 1698 ista
392 1634 557 1711 sermonis,
589 1638 626 1697 ut
658 1654 772 1717 magna
805 1634 1021 1699 misericordia
1053 1635 1220 1712 diceretur,
1260 1637 1292 1698 et

145 1761 206 1806 non
243 1742 335 1805 facile
373 1741 447 1805 alibi
484 1743 604 1805 lectum
641 1742 780 1806 memini.
820 1744 852 1805 et
882 1741 953 1805 ideo
986 1760 1067 1824 quae
1100 1742 1144 1806 sit
1176 1759 1293 1825 magna

145 1847 364 1912 misericordia
388 1847 539 1911 debemus
565 1847 737 1913 aduertere.
761 1868 833 1912 nam
858 1850 919 1913 etsi
942 1868 1090 1933 magnam
1113 1848 1338 1914 misericor-10

147 1955 230 2017 diam
258 1974 318 2018 non
346 1954 437 2018 facile
466 1955 650 2038 legerimus
677 1956 816 2040 legimus
845 1959 949 2020 tamen
978 1974 1125 2040 magnam
1155 1954 1205 2019 dei
1228 1955 1292 2018 uir-

146 2064 259 2125 tutem.
290 2064 321 2125 et
344 2061 414 2126 ideo
439 2062 673 2126 considerantes
699 2082 778 2145 quae
803 2082 918 2147 magna
942 2063 985 2126 sit
1019 2063 1123 2126 uirtus
1148 2062 1292 2127 conicere

145 2169 321 2251 poterimus
355 2187 448 2248 quam
480 2168 729 2232 misericordiam
760 2188 906 2252 magnam
940 2169 1078 2233 noluerit
1115 2168 1290 2252 designare.

146 2275 283 2360 legimus
313 2275 395 2338 enim
424 2275 456 2338 in
486 2280 594 2339 sancto
623 2275 801 2339 Hieremia:
825 2276 920 2356 'quis
955 2295 1007 2353 ea,
1042 2275 1217 2340 domine?
1251 2277 1290 2339 tu
1360 2278 1381 2331 E

147 2384 277 2449 fecisti
316 2384 461 2447 caelum
500 2386 536 2446 et
572 2386 708 2445 terram
746 2383 781 2446 in
815 2402 944 2466 magna
977 2382 1125 2447 uirtute
1156 2384 1222 2447 tua
1256 2386 1293 2446 et
1313 2405 1337 2445 n

146 2490 301 2554 brachio
327 2491 487 2554 excelso.
514 2489 616 2554 uirtus
640 2508 714 2573 ergo
738 2508 853 2573 magna
877 2490 1000 2554 eaelum
1024 2489 1110 2554 fecit.
1136 2509 1217 2571 quae
1242 2493 1293 2553 est

147 2599 251 2662 uirtus
271 2616 394 2680 magna,
411 2597 510 2679 patris
531 2616 568 2659 an
589 2595 667 2660 iiiii?
687 2615 801 2679 magna
820 2597 931 2678 utique
950 2597 1049 2678 patris
1064 2596 1168 2660 uirtus
1184 2599 1236 2661 est
1249 2633 1292 2642 -

147 2705 216 2788 ipse
240 2705 324 2768 enim
347 2722 403 2786 per
425 2703 528 2766 filium
553 2703 675 2766 caelum
700 2703 777 2766 fecit
801 2707 833 2766 et
855 2707 980 2781 terram,
1006 2703 1091 2766 siout
1113 2703 1231 2767 habes:
1256 2703 1291 2766 in

146 2811 335 2894 principio
360 2810 454 2873 fecit
478 2809 567 2874 deus
593 2811 737 2872 caelum
762 2813 798 2872 et
822 2813 957 2873 terram
978 2847 1031 2888 -,
1052 2809 1107 2873 sed
1131 2813 1236 2873 tamen
1262 2813 1294 2875 et

147 2918 233 2981 filius
272 2935 388 2999 magna
424 2916 528 2979 uirtus
566 2919 624 2979 est.
664 2935 735 2978 nam
770 2936 841 2979 cum
873 2917 1026 2981 uirtutem
1057 2916 1156 2999 patris
1189 2916 1293 2981 filium
1311 2941 1339 2978 so

147 3024 272 3107 legeris,
303 3024 387 3087 sicut
410 3023 508 3087 habes
533 3020 695 3087 Christum
721 3023 770 3087 dei
796 3023 984 3106 sapientiam
1008 3027 1102 3106 atque
1126 3023 1292 3099 uirtutem,

148 3131 258 3212 utique
288 3149 360 3193 cum
389 3129 494 3193 uirtus
522 3131 620 3209 patris
648 3130 734 3194 filius
764 3129 816 3205 ait,
846 3150 961 3213 magna
989 3130 1093 3195 uirtus
1122 3132 1172 3193 est
1195 3131 1292 3195 filius

148 3235 419 3318 quemadmodum<
447 3235 546 3318 igitur
577 3237 774 3319 omnipotens
808 3235 991 3321 denegatur,
1025 3254 1118 3319 quem
1155 3237 1295 3301 fatemur
1362 3249 1383 3302 F

147 3361 295 3423 magnam
319 3341 368 3405 dei
393 3361 463 3406 esse
487 3341 666 3406 uirtutem?
689 3343 766 3406 haec
788 3343 889 3426 igitur
911 3362 1025 3426 magna
1044 3341 1148 3407 uirtus
1168 3343 1292 3407 caelum

237 3568 305 3621 5de
325 3569 394 3638 apol.
414 3569 482 3625 Dan.
503 3568 528 3632 8,
547 3571 580 3623 41
651 3570 862 3624 GPsalm.L3
928 3570 959 3622 ll
981 3552 1193 3638 despaiDau.
1213 3569 1237 3634 8,
1257 3571 1293 3625 43

149 3659 182 3712 14
200 3658 273 3711 Hier.
293 3659 327 3712 39
348 3659 413 3726 (32),
436 3658 467 3712 17
525 3660 557 3712 18
578 3658 643 3712 Gen.
665 3658 721 3721 1,l
779 3657 924 3712 2lICor.
946 3659 969 3724 1,
989 3659 1023 3711 ‘24

185 3818 197 3870 1
229 3818 427 3887 condempnant
454 3836 513 3871 meo
547 3818 597 3871 TN
623 3819 789 3886 arguendum
817 3823 916 3889 putant
944 3819 1131 3889 qualicumque
1159 3836 1219 3873 meo
1243 3827 1291 3874 cet.

148 3907 240 3960 3iure
267 3907 390 3960 omnibus
415 3908 470 3961 TN
496 3925 540 3961 ore
567 3909 683 3960 omnium
710 3914 758 3961 cet.
865 3926 919 3961 nnn
947 3926 997 3964 ona
1021 3908 1083 3961 BP
1193 3912 1210 3962 4
1238 3925 1292 3962 non

147 3995 255 4063 indiget
281 3997 378 4049 auxilio
404 3997 514 4066 DyPM
613 4000 628 4051 5
655 3998 712 4066 ipse
739 3997 868 4050 defendat
894 4003 955 4064 (ona.
980 3997 1109 4062 dietmx
1204 3999 1292 4052 6mei

147 4084 236 4152 iuqrrit
254 4084 372 4137 YDNP¹
391 4091 415 4138 et
435 4087 476 4155 (in
496 4089 562 4151 rna.)
577 4085 611 4137 B‘
631 4087 720 4155 inquit
737 4087 804 4140 mihi
819 4088 887 4149 PM,
907 4087 960 4140 mei
980 4104 1031 4139 nna.
1044 4086 1107 4139 BT*
1180 4086 1247 4141 deus
1263 4088 1292 4141 N

149 4172 164 4225 7
184 4173 210 4224 ni
234 4174 289 4224 Tn'
306 4174 358 4226 nisi
379 4180 425 4229 cet.
516 4175 651 4228 karissimi
675 4176 700 4227 Τ
717 4176 744 4240 (k
764 4176 794 4228 in
812 4180 881 4242 rasi
900 4176 932 4228 N
1001 4178 1017 4229 8
1042 4180 1070 4229 et.
1092 4175 1153 4239 TN,
1172 4193 1223 4230 om.
1245 4184 1291 4230 cet.

147 4262 163 4312 9
183 4261 280 4314 lectum
305 4260 361 4314 TN
376 4262 459 4315 talem
479 4263 508 4315 D
527 4263 624 4317 lectam
645 4271 691 4320 cct.
754 4265 786 4318 10
806 4264 1207 4320 debemus...misericordiam
1230 4265 1291 4328 Ta:

147 4365 197 4404 om.
218 4355 264 4402 cet.
359 4352 388 4403 11
409 4350 536 4420 legimus]
556 4351 677 4420 legemus
702 4353 822 4406 thorr.
843 4353 896 4422 nal)
914 4352 946 4405 N
1039 4354 1070 4406 14
1090 4356 1184 4406 sancto
1204 4371 1294 4424 tanay=

149 4438 180 4491 17
201 4455 299 4507 magna
313 4438 399 4491 uirtus
415 4440 507 4508 utique
523 4440 608 4492 uirtus
623 4443 708 4511 patris
724 4446 765 4494 est
778 4442 848 4494 ΒΨ
901 4443 933 4497 18
952 4459 1000 4511 per
1014 4458 1124 4512 caprae
1143 4441 1169 4495 Τ
1226 4443 1293 4496 fecit

148 4527 250 4580 caelum
269 4545 295 4596 χ,
315 4527 381 4580 iecit
399 4544 449 4581 ona
469 4528 498 4581 D
591 4531 622 4582 19
642 4530 689 4584 sed
707 4535 799 4584 tamen
821 4531 876 4584 ΤΧ
894 4535 986 4584 tamen
1005 4536 1052 4585 cet.
1143 4531 1177 4585 20
1196 4531 1247 4586 filii
1265 4534 1293 4587 B

183 4630 243 4666 cunr
262 4615 365 4667 uirtute
388 4614 413 4667 Τ
465 4617 497 4669 21
518 4616 602 4670 habes
622 4621 645 4683 (s
665 4635 697 4672 en
715 4623 738 4685 t>
762 4618 787 4671 T
839 4620 874 4672 24
893 4617 1005 4688 caelum]
1026 4617 1114 4672 caelos
1133 4619 1206 4674 B‘P‘
