2804 5168
149 677 270 742 XXXII
614 672 831 729 Praefatio.

149 869 181 932 in
211 870 378 932 stemmate
406 866 514 931 locuni
542 865 745 930 tribuendum
773 884 844 929 esse
873 866 1105 948 comprobetur,
1130 866 1296 949 scripturis

151 993 259 1039 eorum
282 971 483 1055 perlustratis
506 970 640 1035 libenter
663 970 825 1035 concedes.
845 990 950 1055 ‚neque
974 972 1147 1055 quidquam
1171 973 1298 1038 obstare

151 1082 238 1163 puto,
272 1079 441 1161 quominus
475 1096 528 1141 eos
561 1096 596 1140 ex
628 1076 653 1140 P
686 1076 814 1142 fluxisse
852 1082 1044 1155 statuamus,
1078 1076 1296 1144 Colbertinum

153 1186 292 1267 quidem,
317 1184 370 1266 qui
395 1184 534 1266 proxime
558 1182 705 1249 adhunc
729 1182 861 1261 accedit,
886 1204 921 1247 ex
944 1203 980 1248 eo
1005 1184 1085 1267 ipso,
1108 1185 1135 1248 B
1155 1187 1188 1248 et
1206 1185 1234 1248 D
1255 1221 1299 1230 -

152 1312 224 1357 nam
249 1290 287 1355 de
306 1290 343 1354 P¹
367 1290 443 1373 quid
467 1288 710 1354 existimandum
730 1288 774 1353 sit
792 1289 855 1352 iam
875 1309 971 1371 supra
988 1289 1127 1354 indicaui
1146 1327 1190 1337 -
1208 1289 1299 1354 libris

153 1399 343 1482 quibusdam
374 1396 656 1461 intercedentibus,
687 1414 725 1460 ne
759 1415 832 1460 uero
868 1415 993 1460 meeum
1024 1395 1126 1461 fucere
1159 1395 1300 1473 dubites,

153 1507 232 1570 druos
261 1503 320 1568 tibi
348 1504 464 1584 quibus
492 1502 570 1566 haec
598 1501 755 1566 sententia
778 1502 980 1567 confirmatur
1001 1503 1090 1567 locos
1113 1520 1299 1585 proponam.

154 1614 229 1688 222,
252 1613 286 1673 11
309 1609 340 1672 in
360 1609 385 1672 P
403 1607 524 1671 ridetur
542 1607 663 1671 ridetur
684 1607 837 1671 traditum
862 1611 913 1672 est
935 1607 1033 1673 altero
1054 1628 1149 1692 supra
1169 1627 1299 1673 uersum

152 1737 248 1782 manu
268 1715 406 1781 secunda
425 1714 593 1796 adscripto,
608 1713 639 1776 in
655 1713 749 1777 BDP‘
765 1713 841 1778 item
860 1714 983 1777 ridetur
1000 1715 1170 1798 repetitum
1189 1714 1298 1793 babes,

153 1823 233 1888 inO
267 1823 401 1886 alterurn
433 1824 517 1884 recte
551 1819 715 1883 omissum.
749 1820 824 1897 235,
853 1819 976 1883 5inP
1010 1820 1198 1885 emblemate
1231 1824 1299 1884 erut

153 1950 244 2010 oeper
270 1948 365 2012 quoru
391 1948 460 1991 curu
487 1946 585 1990 corrue
613 1931 689 1988 essct
718 1944 753 1989 ex
782 1924 996 2009 dittographia
1024 1931 1092 1992 orto
1121 1927 1221 1992 oratio
1254 1927 1299 1991 in·

154 2036 284 2119 quinata
306 2037 365 2098 est.
390 2032 499 2096 eadem
523 2032 673 2114 praebent
691 2029 754 2106 BC,
778 2030 810 2095 in
836 2031 902 2095 DP‘
926 2032 979 2097 bic
1001 2032 1092 2098 locus
1117 2032 1299 2099 coniectura
1335 2026 1338 2031 ’

155 2141 349 2207 constitutus
374 2144 433 2213 est,
458 2138 514 2203 sed
533 2137 600 2213 tali,
620 2141 658 2202 ut
674 2137 839 2201 librarium
859 2138 990 2202 eandem
1009 2140 1199 2222 scripturam
1220 2158 1299 2221 quae

154 2249 186 2313 in
200 2246 313 2312 ceteris
332 2247 417 2310 estat
435 2249 507 2308 ante
527 2244 635 2308 oculos
655 2242 805 2309 habuisse
826 2243 1005 2327 colligatur.
1026 2250 1167 2311 ceterum
1182 2249 1299 2328 quanta

154 2352 353 2417 librariorum
385 2351 416 2415 in
450 2350 606 2432 scriptura
637 2349 833 2413 immutanda
857 2354 889 2413 et
912 2350 1141 2433 corrumpenda
1171 2351 1302 2416 licentia

155 2461 262 2535 fuerit,
286 2460 364 2523 salis
388 2457 490 2521 murita
514 2461 546 2521 et
569 2455 732 2521 luculenta
754 2456 785 2520 in
806 2456 832 2518 B
852 2459 883 2520 et
903 2457 930 2520 D
951 2458 1094 2540 exempla
1119 2458 1299 2523 ostendunt

199 2566 337 2631 'blaurini
359 2568 482 2647 praeter
501 2562 587 2627 PP‘O
608 2566 758 2644 quattuor
781 2563 904 2627 codices
925 2563 1146 2640 adhibuerunt,
1166 2583 1301 2646 quorum

156 2673 329 2739 Uaticanus
355 2669 453 2754 (bybl.
475 2669 546 2736 Uat.
573 2672 635 2732 ant.
661 2671 724 2732 287
750 2688 830 2733 saec.
851 2669 923 2752 XV)
943 2670 981 2734 ab
1005 2670 1141 2736 Henrico
1166 2671 1232 2736 filio
1256 2670 1301 2734 in-

157 2782 286 2863 spectus
311 2797 383 2841 cunr
407 2777 432 2840 P
457 2776 624 2840 eonsentit.
649 2774 868 2840 Laudunensis
892 2776 1015 2840 decimo
1039 2777 1077 2841 ab
1102 2777 1147 2842 eis
1172 2777 1301 2842 saeculo

158 2885 348 2967 adscaipbus,
373 2903 466 2964 quem
490 2882 607 2945 frustra
630 2881 784 2962 quaesiui,
809 2885 841 2945 et
865 2881 1078 2966 Dionysianus
1108 2884 1175 2948 sine
1204 2883 1300 2948 dubio

157 2991 310 3057 recentior
338 2995 375 3054 ut
398 2989 598 3055 Colbertinus
628 3008 664 3052 ex
692 2988 761 3068 ipso
785 2989 810 3052 P
835 2990 1015 3054 manauisse
1038 2990 1202 3066 uidentur3
1228 2991 1300 3056 Tor·

157 3116 323 3163 nacensem
344 3096 476 3178 denique
496 3099 529 3159 et
546 3096 652 3179 ipsum
672 3097 877 3161 recentiorem
901 3097 991 3162 libris
1010 3098 1075 3162 DP¹
1101 3098 1301 3163 simillimum

156 3223 227 3268 esse
255 3203 301 3267 eis
331 3222 412 3284 quae
436 3202 572 3266 Maurirri
601 3206 810 3266 enotauerunt
833 3204 1077 3269 demonstratur.
1101 3204 1226 3269 duobus
1252 3224 1301 3269 co·

158 3310 281 3375 dicibus
314 3309 465 3373 ballerini
499 3327 576 3373 usus
611 3312 669 3386 est,
702 3309 891 3374 Nouariensi
924 3311 1081 3395 (XLVIII)
1107 3312 1149 3374 20
1182 3310 1302 3376 saeculi

157 3418 243 3491 XIII,
269 3435 360 3497 quem
386 3416 417 3478 in
441 3415 632 3498 praefatione
656 3415 828 3480 uoluminis
854 3417 945 3499 primi
975 3417 1126 3499 descripsi
1150 3454 1194 3463 —
1218 3417 1302 3482 lianc

157 3524 273 3586 librum
307 3526 462 3599 excutere,
488 3541 560 3584 cunr
594 3541 628 3585 ex
663 3522 828 3604 scripturis
853 3541 870 3585 a
894 3522 1062 3586 Ballerinio
1090 3522 1203 3587 adlatis
1228 3543 1301 3587 eurn

158 3631 248 3712 plane
277 3647 349 3692 cunr
373 3628 439 3691 DP¹
467 3628 644 3710 conspirare
673 3629 910 3705 intellexissem,
940 3648 1003 3692 rem
1033 3648 1302 3711 superuacaneum

157 3741 188 3800 et
211 3735 358 3799 inutilem
382 3754 451 3799 esse
477 3734 550 3798 duri
573 3772 616 3780 —
641 3738 673 3797 et
697 3734 804 3799 codiee
832 3735 1050 3818 bybliothecae
1080 3735 1302 3800 canonicorum

158 3842 307 3906 basilicae
340 3861 365 3905 s,
396 3840 555 3904 Ambrosii
588 3840 715 3904 saeculo
748 3840 818 3916 XII,
852 3839 935 3923 quod
968 3841 1005 3904 Α.
1034 3840 1122 3904 ltatti
1153 3844 1301 3917 testatur,

123 3938 127 3945 ’
158 3952 292 4025 exarato,
321 3966 413 4029 quem
447 3946 531 4028 qud
559 3949 668 4027 utpote
697 3948 776 4011 libro
805 3949 830 4009 B
855 3947 1002 4022 similem,
1031 3945 1087 4010 sed
1114 3945 1303 4012 deteriorem

157 4055 280 4139 neglexi
303 4073 394 4118 neruo
419 4058 496 4136 puto
517 4053 733 4135 reprehendet.
762 4073 798 4116 er
815 4054 841 4116 D
862 4054 915 4117 uel
934 4072 969 4116 ex
989 4052 1068 4115 libro
1089 4052 1157 4115 eius
1177 4054 1302 4135 generis

156 4163 247 4227 tlurit
271 4160 472 4224 Amerbacbii
494 4160 645 4223 recensio.

203 4270 315 4332 Restat
343 4271 389 4342 ut,
414 4267 498 4347 quod
527 4285 576 4329 me
600 4266 757 4330 tracturum
782 4285 851 4329 esse
875 4266 1038 4347 pollicitus
1063 4285 1145 4339 sum,
1170 4266 1301 4331 deloco

159 4376 212 4457 qui
241 4376 317 4449 278,
344 4376 384 4436 18
413 4372 531 4453 legitur
559 4391 720 4454 exponam.
758 4373 873 4436 etenim
901 4392 1047 4456 magnam
1080 4372 1164 4435 buno
1196 4373 1300 4438 locum

158 4483 306 4545 tractanti
325 4480 403 4544 mibi
422 4479 546 4562 parauit
565 4478 784 4542 difficultatem
805 4480 935 4542 uerbum
957 4478 1036 4542 illud
1056 4477 1300 4562 Graecumque

157 4587 344 4651 Anrlrrosius
368 4585 398 4648 in
424 4606 502 4649 uoce
526 4593 653 4649 ‹rottrosu
677 4586 857 4669 eprIcandu
882 4606 959 4651 usus
983 4591 1041 4650 est.
1080 4606 1151 4650 uam
1175 4593 1302 4650 uetitosu
