2804 5168
293 310 334 364 De
354 309 419 380 fuga
438 310 538 363 saeculi
556 310 581 363 2.
601 310 626 372 3,
648 311 688 365 13.
710 311 744 365 14
780 310 803 379 (Ι
822 311 1008 365 4221)-423
1027 312 1070 381 Β).
1189 315 1252 380 173

104 505 221 581 littera,
250 523 439 587 quaeramus
468 503 632 586 spiritalia.
663 503 735 585 quis
764 508 814 569 est
841 505 903 570 iste
936 524 1070 589 maguus
1104 506 1251 570 sacerdos

105 611 166 675 nisi
200 611 251 675 (lei
284 611 381 687 filius,
415 611 548 675 uerbum
581 610 643 686 dei,
677 611 768 676 ouius
802 610 1045 676 aduocationem
1076 632 1132 696 pro
1161 611 1251 677 uobis

105 718 260 782 hahemus
288 719 372 800 apud
401 721 533 800 patrem,
563 717 616 798 qui
648 737 735 782 exors
760 717 901 782 omnium
927 720 977 783 est
1000 719 1251 783 uoluntariorum
1278 726 1300 781 F

105 827 137 887 et
165 824 375 888 accidentium
405 823 604 902 delictorum,
634 824 665 887 in
695 843 756 906 quo
781 824 962 889 consistunt
986 825 1092 889 omnia
1116 844 1196 907 quae
1219 825 1251 889 in

72 932 188 994 eterra
216 935 291 994 sunt
319 934 351 994 et
379 950 459 1011 quae
488 931 519 993 iu
549 931 662 995 caelo?
690 931 819 996 uinculo
849 931 932 995 euim
962 931 1051 996 uerbi
1080 930 1251 997 constricta

106 1036 212 1100 omnia
240 1041 315 1102 sunt
343 1041 375 1100 et
404 1037 472 1101 eius
501 1037 703 1101 continentur
726 1037 868 1120 potentia
892 1041 923 1103 et
945 1038 977 1101 iu
1000 1037 1070 1120 ipso
1095 1040 1251 1114 constant,

105 1144 253 1225 quoniam
291 1144 321 1208 in
358 1143 428 1226 ipso
465 1146 569 1208 creata
606 1148 681 1208 sunt
720 1150 752 1209 ct
788 1146 819 1208 iu
857 1145 926 1228 ipso
960 1145 1117 1209 inhabitat
1149 1144 1250 1209 omnis

103 1249 280 1332 plenitudo.
311 1252 342 1312 et
365 1249 436 1314 ideo
461 1249 567 1314 omnia
589 1254 727 1323 manent,
752 1251 827 1333 qnia
850 1250 985 1315 dissolui
1009 1250 1066 1315 illa
1088 1269 1149 1314 nou
1175 1250 1251 1315 sinit

106 1376 186 1437 quae
214 1357 282 1440 ipse
312 1356 508 1434 constrinxit,
539 1357 688 1439 quoniam
717 1358 747 1420 in
773 1358 842 1422 eius
867 1358 1031 1422 uoluntate
1057 1357 1250 1431 consistunt3

60 1491 86 1529 ιο
106 1466 210 1531 omnia
246 1463 330 1527 euim
363 1463 467 1545 quoad
499 1465 572 1528 uult
604 1482 663 1528 suo
697 1464 828 1546 imperio
862 1464 1010 1529 cohercet
1043 1467 1074 1527 et
1106 1464 1186 1547 regit
1219 1465 1252 1527 et

104 1572 242 1635 naturali
271 1570 438 1635 concordia
464 1570 556 1653 ligat.
586 1570 670 1634 uiuit
697 1569 795 1653 igitur
823 1569 873 1634 dei
903 1570 1036 1635 uerbum
1061 1573 1094 1634 et
1116 1570 1250 1635 maxime

105 1678 136 1742 in
165 1678 278 1741 animis
308 1677 392 1740 uiuit
419 1677 543 1759 piorum
569 1695 625 1740 nec
649 1697 800 1758 umquam
826 1677 961 1741 moritur
984 1675 1147 1761 plenitudo
1172 1676 1251 1740 diui·

104 1785 225 1849 nitatis.
245 1804 416 1866 numquam
438 1784 520 1847 enim
541 1784 673 1849 moritur
692 1785 885 1867 sempiterna
903 1784 1055 1849 diuinitas
1075 1787 1107 1850 et
1126 1787 1251 1848 aeterna

105 1892 156 1955 dci
184 1892 298 1956 uirtus.
329 1911 403 1956 sane
433 1891 567 1955 moritur
593 1891 697 1968 nohis,
723 1892 750 1954 si
774 1911 793 1954 a
815 1896 924 1955 nostra
948 1891 1053 1955 anima
1077 1893 1249 1972 separetur,
1259 1901 1345 1956 lasa

60 2020 85 2061 1⁵
105 2018 164 2062 uon
180 2017 241 2079 quo
261 2002 362 2062 morte
382 2002 612 2080 corrumpatur,
633 1997 689 2062 sed
708 2017 770 2079 quo
791 1997 988 2062 dissoluatur
1006 2000 1100 2080 atque
1120 1998 1251 2060 exuatur

103 2124 192 2169 mens
217 2109 325 2169 nostra
349 2106 387 2168 ah
413 2105 481 2168 eius
505 2105 745 2180 coniunctioue3
770 2124 855 2169 mors
880 2105 963 2169 euim
989 2123 1064 2168 uera
1088 2107 1138 2167 est
1160 2102 1250 2167 uerbi

103 2216 136 2275 et
167 2212 290 2275 animae
323 2216 490 2294 separatio.
523 2211 657 2294 uertique
692 2212 800 2276 statim
834 2212 948 2295 incipit
977 2210 1081 2274 anima
1109 2209 1250 2293 peccatis

103 2322 210 2400 patere
235 2317 435 2382 uoluntariis.

48 2430 55 2492 l
146 2423 311 2488 Habemus
330 2425 407 2488 haec
426 2443 541 2507 genera
561 2443 620 2489 nou
640 2423 836 2498 adumbrata,
857 2423 912 2488 sed
932 2442 1078 2505 expressa
1091 2423 1248 2488 uirtutum
1276 2434 1298 2488 B

58 2555 84 2594 ao
103 2530 133 2593 in
159 2530 303 2612 apostolo
328 2530 452 2594 dicente
476 2550 532 2594 eo:
561 2531 620 2594 ita
648 2530 752 2613 qnod
780 2532 818 2594 in
846 2551 903 2594 me
933 2534 1005 2608 eet,
1036 2533 1247 2614 promptus

105 2656 189 2701 snnr
220 2642 257 2701 et
286 2638 415 2710 uobis
445 2637 513 2718 qui
536 2637 683 2702 Romae
707 2637 825 2713 estis,
849 2638 1149 2723 euangelinare.
1174 2655 1248 2702 nou

103 2745 205 2808 enim
231 2745 428 2808 erubesco
454 2745 733 2824 euangelium
758 2744 893 2808 uirtus
919 2744 1023 2809 enim
1042 2743 1106 2809 dei
1126 2743 1248 2808 estin

103 2850 280 2914 salutem
305 2851 409 2914 omni
435 2850 630 2926 credenti,
654 2850 804 2915 Iudaeo
829 2850 1000 2933 primum
1024 2854 1062 2915 et
1082 2851 1247 2916 Graeco.

191 3097 207 3149 6
227 3093 329 3149 Coloas.
352 3097 375 3157 l,
397 3096 428 3149 16
448 3112 506 3165 sqq.
582 3097 612 3150 11
633 3096 713 3149 Philo
732 3096 750 3152 l.
770 3112 792 3151 c.
811 3096 844 3149 21
866 3095 939 3160 (563,
958 3096 1004 3162 27)
1080 3096 1112 3151 16
1131 3095 1210 3149 Philo
1230 3095 1247 3148 1.

103 3200 124 3237 c.
144 3183 176 3236 21
196 3182 269 3252 (563,
289 3184 335 3253 31)
391 3184 425 3237 20
443 3185 519 3238 Rom.
541 3185 564 3246 1,
585 3185 618 3238 15
638 3200 678 3253 aq.

138 3388 151 3440 1
180 3388 289 3441 litterae
312 3389 338 3439 A
369 3392 393 3455 (e
423 3388 472 3441 alt.
502 3386 567 3439 cdd.
596 3391 652 3452 7112)
687 3387 712 3440 T
736 3387 830 3440 littera
858 3393 872 3440 e
900 3387 925 3443 ‘a
954 3388 979 3453 (a
1007 3402 1028 3440 s.
1056 3403 1084 3439 u.
1112 3390 1167 3448 m3,
1195 3402 1247 3440 om.

100 3476 205 3540 haeret)
272 3476 352 3529 adei
366 3493 453 3560 pcto.
472 3494 499 3529 u.
519 3480 567 3530 m?
584 3476 611 3529 A
679 3477 757 3530 hest
776 3475 896 3529 onmium
915 3475 988 3531 21”Ε
1004 3480 1029 3528 et
1048 3477 1102 3539 (est
1120 3490 1142 3527 a.
1162 3479 1201 3538 u.)
1225 3473 1250 3526 Τ

100 3593 216 3647 5tcrris
234 3594 306 3648 21”Ε
340 3597 356 3647 6
377 3560 468 3646 omnia
482 3548 549 3646 hunt
569 3595 594 3645 A
616 3598 625 3658 (
644 3622 648 3630 -
673 3596 729 3660 2112)
750 3595 815 3645 eunt
833 3592 925 3645 omnia
946 3590 971 3642 Τ
1007 3591 1021 3642 7
1042 3594 1104 3643 sunt
1118 3588 1247 3643 PGO⁴U¹

100 3685 164 3734 sunt
181 3682 271 3734 onmia
285 3685 313 3736 A
333 3684 434 3740 (onmia
451 3700 473 3736 a.
492 3700 520 3735 u.
540 3685 596 3745 m2)
619 3682 644 3733 l’
659 3683 735 3750 (suut
753 3685 835 3746 eraa)
851 3680 884 3733 N
884 3680 909 3733 Τ
979 3679 1118 3732 inhabitat
1130 3678 1247 3735 Aac&

100 3775 126 3824 et
143 3771 182 3832 (in
200 3787 221 3824 a.
239 3776 280 3835 o.)
305 3771 333 3823 C‘
353 3771 524 3824 inhabitabat
544 3771 571 3824 P
587 3771 696 3824 habitat
715 3776 761 3826 cet.
855 3769 887 3823 10
907 3785 984 3822 omne
1002 3767 1088 3822 PCC⁴
1106 3768 1196 3821 omnia
1215 3772 1246 3835 (a.

100 3861 190 3925 omne)
205 3860 230 3912 T
283 3859 371 3928 quoad
381 3860 408 3913 A
419 3864 464 3912 m2
484 3861 511 3921 (a
524 3877 546 3913 a.
561 3868 600 3922 u.)
617 3859 689 3928 quod
704 3860 730 3912 A
740 3863 782 3912 ml
793 3858 920 3912 Poo'v‘
940 3858 1029 3927 quoad
1044 3859 1069 3911 Τ
1122 3857 1247 3911 cohercet

98 3950 126 4002 A
145 3949 393 4018 (m2eaecoherot)
414 3953 520 4002 coercet
537 3950 569 4005 21
642 3949 671 4002 ll
693 3948 806 4001 uerbum
825 3947 916 4001 deiru
984 3947 1016 4000 12
1035 3946 1244 4017 plenitudo...

99 4040 170 4091 enim
189 4039 303 4091 moritur
321 4055 372 4092 orer.
392 4037 460 4091 ΡΨ
517 4040 550 4091 14
569 4041 709 4107 separetur
727 4038 753 4090 A
773 4037 796 4101 (l
815 4055 831 4089 a
849 4041 896 4090 aar?
914 4053 936 4090 a.
955 4053 969 4090 e
989 4037 1049 4102 alt.)
1070 4035 1122 4088 PC
1139 4051 1248 4104 separa-

99 4133 144 4181 tur
166 4135 213 4182 cet.
307 4129 339 4182 15
366 4132 492 4180 exuratur
514 4126 541 4179 A
566 4133 597 4192 (a.
621 4129 668 4180 rat>
691 4127 703 4178 l
727 4128 849 4193 exuatur)
872 4126 924 4182 Par
949 4132 974 4179 et
995 4125 1020 4193 (r
1038 4141 1083 4193 pr,
1107 4130 1188 4189 erus.)
1212 4125 1246 4177 P

99 4217 134 4270 20
154 4222 196 4270 cst
214 4234 264 4270 orn.
288 4216 363 4270 ΟΨ
436 4218 558 4286 promtus
577 4215 605 4267 A
669 4217 701 4269 21
723 4216 750 4278 iq
770 4214 847 4268 uobis
867 4216 892 4266 A
914 4214 1004 4267 »uobis
1027 4215 1049 4269 C
