<?xml version="1.0" encoding="UTF-8"?>
<!DOCTYPE html PUBLIC "-//W3C//DTD XHTML 1.0 Transitional//EN"
    "http://www.w3.org/TR/xhtml1/DTD/xhtml1-transitional.dtd">
<html xmlns="http://www.w3.org/1999/xhtml" xml:lang="en" lang="en">
 <head>
  <title>
</title>
<meta http-equiv="Content-Type" content="text/html;charset=utf-8" />
  <meta name='ocr-system' content='tesseract 3.04.00' />
  <meta name='ocr-capabilities' content='ocr_page ocr_carea ocr_par ocr_line ocrx_word'/>
</head>
<body>
  <div class='ocr_page' id='page_1' title='image "./sanctiambrosiio04petsgoog/sanctiambrosiio04petsgoog_0022.png"; bbox 0 0 2804 5168; ppageno 0'>
   <div class='ocr_carea' id='block_1_1' title="bbox 521 284 1201 354">
    <p class='ocr_par' dir='ltr' id='par_1_1' title="bbox 521 284 1201 354">
     <span class='ocr_line' id='line_1_1' title="bbox 521 284 1201 354; baseline -0.003 -18"><span class='ocrx_word' id='word_1_1' title='bbox 521 284 741 339; x_wconf 84' lang='lat' dir='ltr'>Praelatio.</span> <span class='ocrx_word' id='word_1_2' title='bbox 1112 289 1201 354; x_wconf 52' lang='lat'><em>3&#39;1111</em></span> 
     </span>
    </p>
   </div>
   <div class='ocr_carea' id='block_1_2' title="bbox 64 477 1217 3764">
    <p class='ocr_par' dir='ltr' id='par_1_2' title="bbox 64 477 1217 3764">
     <span class='ocr_line' id='line_1_2' title="bbox 68 477 1203 564; baseline 0.004 -23"><span class='ocrx_word' id='word_1_3' title='bbox 68 497 157 561; x_wconf 89' lang='lat' dir='ltr'>neque</span> <span class='ocrx_word' id='word_1_4' title='bbox 191 498 271 560; x_wconf 92' lang='lat' dir='ltr'>quae</span> <span class='ocrx_word' id='word_1_5' title='bbox 304 479 334 541; x_wconf 94' lang='lat' dir='ltr'>iu</span> <span class='ocrx_word' id='word_1_6' title='bbox 369 477 509 542; x_wconf 80' lang='lat' dir='ltr'>sectione</span> <span class='ocrx_word' id='word_1_7' title='bbox 540 480 580 543; x_wconf 80' lang='lat'>74</span> <span class='ocrx_word' id='word_1_8' title='bbox 609 480 760 563; x_wconf 87' lang='lat' dir='ltr'>leguntur</span> <span class='ocrx_word' id='word_1_9' title='bbox 787 480 832 545; x_wconf 87' lang='lat' dir='ltr'>ita</span> <span class='ocrx_word' id='word_1_10' title='bbox 856 486 1036 564; x_wconf 86' lang='lat' dir='ltr'>comparata</span> <span class='ocrx_word' id='word_1_11' title='bbox 1060 487 1144 550; x_wconf 87' lang='grc'><strong>0001.</strong></span> <span class='ocrx_word' id='word_1_12' title='bbox 1168 489 1203 547; x_wconf 92' lang='lat' dir='ltr'>ut</span> 
     </span>
     <span class='ocr_line' id='line_1_3' title="bbox 67 584 1205 670; baseline 0.005 -23"><span class='ocrx_word' id='word_1_13' title='bbox 67 585 141 649; x_wconf 88' lang='lat' dir='ltr'>iusta</span> <span class='ocrx_word' id='word_1_14' title='bbox 178 585 225 649; x_wconf 90' lang='lat' dir='ltr'>eis</span> <span class='ocrx_word' id='word_1_15' title='bbox 259 584 403 648; x_wconf 83' lang='lat' dir='ltr'><strong>clausula</strong></span> <span class='ocrx_word' id='word_1_16' title='bbox 437 585 517 648; x_wconf 84' lang='lat' dir='ltr'>ellici</span> <span class='ocrx_word' id='word_1_17' title='bbox 552 585 706 649; x_wconf 91' lang='lat' dir='ltr'>uideatur.</span> <span class='ocrx_word' id='word_1_18' title='bbox 744 586 798 650; x_wconf 91' lang='lat' dir='ltr'>sed</span> <span class='ocrx_word' id='word_1_19' title='bbox 831 587 892 650; x_wconf 91' lang='lat' dir='ltr'>iam</span> <span class='ocrx_word' id='word_1_20' title='bbox 928 589 1071 670; x_wconf 80' lang='lat' dir='ltr'><strong>quaestio</strong></span> <span class='ocrx_word' id='word_1_21' title='bbox 1106 590 1205 653; x_wconf 89' lang='lat' dir='ltr'>oritur</span> 
     </span>
     <span class='ocr_line' id='line_1_4' title="bbox 68 691 1204 774; baseline 0.005 -20"><span class='ocrx_word' id='word_1_22' title='bbox 68 711 137 773; x_wconf 89' lang='lat' dir='ltr'>quae</span> <span class='ocrx_word' id='word_1_23' title='bbox 170 693 253 756; x_wconf 91' lang='lat' dir='ltr'>inter</span> <span class='ocrx_word' id='word_1_24' title='bbox 286 693 369 756; x_wconf 89' lang='lat' dir='ltr'>hunc</span> <span class='ocrx_word' id='word_1_25' title='bbox 402 691 546 755; x_wconf 85' lang='lat' dir='ltr'>libellum</span> <span class='ocrx_word' id='word_1_26' title='bbox 580 695 613 755; x_wconf 92' lang='lat' dir='ltr'>et</span> <span class='ocrx_word' id='word_1_27' title='bbox 646 712 717 756; x_wconf 89' lang='lat' dir='ltr'>eum</span> <span class='ocrx_word' id='word_1_28' title='bbox 751 712 813 774; x_wconf 91' lang='lat' dir='ltr'>quo</span> <span class='ocrx_word' id='word_1_29' title='bbox 846 694 1034 759; x_wconf 81' lang='lat' dir='ltr'>Ambrosius</span> <span class='ocrx_word' id='word_1_30' title='bbox 1075 696 1204 760; x_wconf 88' lang='lat' dir='ltr'>eandem</span> 
     </span>
     <span class='ocr_line' id='line_1_5' title="bbox 66 797 1206 881; baseline 0.004 -19"><span class='ocrx_word' id='word_1_31' title='bbox 66 799 221 862; x_wconf 78' lang='lat' dir='ltr'>materiam</span> <span class='ocrx_word' id='word_1_32' title='bbox 255 797 406 862; x_wconf 85' lang='lat' dir='ltr'>tractauit</span> <span class='ocrx_word' id='word_1_33' title='bbox 436 798 516 862; x_wconf 89' lang='lat' dir='ltr'>ratio</span> <span class='ocrx_word' id='word_1_34' title='bbox 546 797 730 863; x_wconf 77' lang='lat' dir='ltr'>intercedat.</span> <span class='ocrx_word' id='word_1_35' title='bbox 768 819 829 881; x_wconf 88' lang='lat' dir='ltr'>qua</span> <span class='ocrx_word' id='word_1_36' title='bbox 857 800 893 864; x_wconf 84' lang='lat' dir='ltr'>de</span> <span class='ocrx_word' id='word_1_37' title='bbox 922 820 955 865; x_wconf 87' lang='lat' dir='ltr'>re</span> <span class='ocrx_word' id='word_1_38' title='bbox 978 802 1042 865; x_wconf 90' lang='lat' dir='ltr'>iam</span> <span class='ocrx_word' id='word_1_39' title='bbox 1067 801 1104 865; x_wconf 87' lang='lat' dir='ltr'>G.</span> <span class='ocrx_word' id='word_1_40' title='bbox 1130 803 1206 866; x_wconf 88' lang='lat' dir='ltr'>Her·-</span> 
     </span>
     <span class='ocr_line' id='line_1_6' title="bbox 65 904 1206 991; baseline 0.004 -24"><span class='ocrx_word' id='word_1_41' title='bbox 65 906 175 984; x_wconf 89' lang='lat' dir='ltr'>mant¹)</span> <span class='ocrx_word' id='word_1_42' title='bbox 199 924 217 967; x_wconf 89' lang='lat' dir='ltr'>a</span> <span class='ocrx_word' id='word_1_43' title='bbox 241 904 395 968; x_wconf 89' lang='lat' dir='ltr'>Maurinis</span> <span class='ocrx_word' id='word_1_44' title='bbox 420 908 685 969; x_wconf 88' lang='lat' dir='ltr'>commemoratus</span> <span class='ocrx_word' id='word_1_45' title='bbox 710 905 894 970; x_wconf 89' lang='lat' dir='ltr'>obseruauit</span> <span class='ocrx_word' id='word_1_46' title='bbox 918 926 977 971; x_wconf 94' lang='lat' dir='ltr'>non</span> <span class='ocrx_word' id='word_1_47' title='bbox 1002 926 1102 989; x_wconf 88' lang='grc'><strong>00000</strong></span> <span class='ocrx_word' id='word_1_48' title='bbox 1127 929 1206 991; x_wconf 89' lang='lat' dir='ltr'>qnae</span> 
     </span>
     <span class='ocr_line' id='line_1_7' title="bbox 65 1010 1206 1098; baseline 0.005 -25"><span class='ocrx_word' id='word_1_49' title='bbox 65 1011 141 1093; x_wconf 89' lang='lat' dir='ltr'>apud</span> <span class='ocrx_word' id='word_1_50' title='bbox 164 1010 369 1074; x_wconf 79' lang='lat' dir='ltr'>Ambrosium</span> <span class='ocrx_word' id='word_1_51' title='bbox 393 1011 540 1093; x_wconf 86' lang='lat' dir='ltr'>legantur</span> <span class='ocrx_word' id='word_1_52' title='bbox 562 1010 594 1073; x_wconf 89' lang='lat' dir='ltr'>in</span> <span class='ocrx_word' id='word_1_53' title='bbox 619 1011 668 1074; x_wconf 88' lang='lat' dir='ltr'>his</span> <span class='ocrx_word' id='word_1_54' title='bbox 694 1012 892 1077; x_wconf 85' lang='lat' dir='ltr'>sermonibus</span> <span class='ocrx_word' id='word_1_55' title='bbox 921 1033 1079 1078; x_wconf 88' lang='lat' dir='ltr'>recurrere</span> <span class='ocrx_word' id='word_1_56' title='bbox 1108 1035 1206 1098; x_wconf 89' lang='lat' dir='ltr'>eaque</span> 
     </span>
     <span class='ocr_line' id='line_1_8' title="bbox 65 1117 1206 1201; baseline 0.008 -21"><span class='ocrx_word' id='word_1_57' title='bbox 65 1137 292 1199; x_wconf 82' lang='lat' dir='ltr'>nonnumquam</span> <span class='ocrx_word' id='word_1_58' title='bbox 326 1117 364 1180; x_wconf 89' lang='lat' dir='ltr'>ad</span> <span class='ocrx_word' id='word_1_59' title='bbox 397 1117 531 1181; x_wconf 89' lang='lat' dir='ltr'>uerbum</span> <span class='ocrx_word' id='word_1_60' title='bbox 561 1137 716 1199; x_wconf 82' lang='lat' dir='ltr'>expressa.</span> <span class='ocrx_word' id='word_1_61' title='bbox 751 1120 833 1201; x_wconf 91' lang='lat' dir='ltr'>quod</span> <span class='ocrx_word' id='word_1_62' title='bbox 859 1119 907 1183; x_wconf 90' lang='lat' dir='ltr'>his</span> <span class='ocrx_word' id='word_1_63' title='bbox 930 1120 1023 1185; x_wconf 85' lang='lat' dir='ltr'>loeis:</span> <span class='ocrx_word' id='word_1_64' title='bbox 1049 1123 1124 1201; x_wconf 82' lang='lat'>362,</span> <span class='ocrx_word' id='word_1_65' title='bbox 1150 1124 1206 1189; x_wconf 84' lang='lat'>20:</span> 
     </span>
     <span class='ocr_line' id='line_1_9' title="bbox 64 1225 1206 1305; baseline 0.005 -18"><span class='ocrx_word' id='word_1_66' title='bbox 64 1225 133 1303; x_wconf 81' lang='grc'><strong>3611,</strong></span> <span class='ocrx_word' id='word_1_67' title='bbox 157 1226 250 1288; x_wconf 83' lang='grc'><strong>1001</strong></span> <span class='ocrx_word' id='word_1_68' title='bbox 274 1227 330 1297; x_wconf 86' lang='grc'>24;</span> <span class='ocrx_word' id='word_1_69' title='bbox 355 1227 429 1302; x_wconf 80' lang='lat' dir='ltr'>loo,</span> <span class='ocrx_word' id='word_1_70' title='bbox 456 1227 474 1288; x_wconf 88' lang='lat'>5</span> <span class='ocrx_word' id='word_1_71' title='bbox 499 1227 588 1287; x_wconf 90' lang='grc'><strong>0111</strong></span> <span class='ocrx_word' id='word_1_72' title='bbox 612 1238 682 1288; x_wconf 87' lang='lat' dir='ltr'>cunr</span> <span class='ocrx_word' id='word_1_73' title='bbox 708 1226 925 1291; x_wconf 76' lang='grc' dir='ltr'>Δ1101000100ἰο</span> <span class='ocrx_word' id='word_1_74' title='bbox 950 1229 1024 1305; x_wconf 83' lang='grc'><strong>309,</strong></span> <span class='ocrx_word' id='word_1_75' title='bbox 1052 1231 1067 1293; x_wconf 96' lang='grc'>1</span> <span class='ocrx_word' id='word_1_76' title='bbox 1095 1233 1126 1292; x_wconf 90' lang='grc'>01</span> <span class='ocrx_word' id='word_1_77' title='bbox 1151 1231 1206 1303; x_wconf 83' lang='grc'>14;</span> 
     </span>
     <span class='ocr_line' id='line_1_10' title="bbox 65 1331 1207 1409; baseline 0.004 -16"><span class='ocrx_word' id='word_1_78' title='bbox 65 1333 133 1403; x_wconf 81' lang='grc'><strong>316,</strong></span> <span class='ocrx_word' id='word_1_79' title='bbox 159 1334 194 1401; x_wconf 87' lang='grc'>3;</span> <span class='ocrx_word' id='word_1_80' title='bbox 220 1331 295 1405; x_wconf 73' lang='grc'><strong>321,</strong></span> <span class='ocrx_word' id='word_1_81' title='bbox 321 1333 355 1406; x_wconf 81' lang='lat'>9;</span> <span class='ocrx_word' id='word_1_82' title='bbox 381 1331 493 1409; x_wconf 86' lang='grc'><strong>327,1</strong></span> <span class='ocrx_word' id='word_1_83' title='bbox 517 1331 641 1395; x_wconf 87' lang='grc'><strong>00110110</strong></span> <span class='ocrx_word' id='word_1_84' title='bbox 662 1331 872 1397; x_wconf 84' lang='lat' dir='ltr'>continuatur.</span> <span class='ocrx_word' id='word_1_85' title='bbox 893 1353 1004 1397; x_wconf 88' lang='lat' dir='ltr'>uerum</span> <span class='ocrx_word' id='word_1_86' title='bbox 1024 1354 1083 1398; x_wconf 90' lang='lat' dir='ltr'>non</span> <span class='ocrx_word' id='word_1_87' title='bbox 1105 1337 1207 1399; x_wconf 91' lang='lat' dir='ltr'>solum</span> 
     </span>
     <span class='ocr_line' id='line_1_11' title="bbox 65 1437 1209 1521; baseline 0.003 -20"><span class='ocrx_word' id='word_1_88' title='bbox 65 1438 197 1521; x_wconf 87' lang='lat' dir='ltr'>siugulis</span> <span class='ocrx_word' id='word_1_89' title='bbox 221 1438 312 1516; x_wconf 88' lang='lat' dir='ltr'>locis,</span> <span class='ocrx_word' id='word_1_90' title='bbox 337 1438 392 1502; x_wconf 91' lang='lat' dir='ltr'>sed</span> <span class='ocrx_word' id='word_1_91' title='bbox 418 1437 513 1501; x_wconf 89' lang='lat' dir='ltr'>etiam</span> <span class='ocrx_word' id='word_1_92' title='bbox 538 1437 568 1500; x_wconf 93' lang='lat' dir='ltr'>iu</span> <span class='ocrx_word' id='word_1_93' title='bbox 594 1441 662 1501; x_wconf 87' lang='lat' dir='ltr'>tota</span> <span class='ocrx_word' id='word_1_94' title='bbox 691 1439 928 1521; x_wconf 87' lang='lat' dir='ltr'>argumentandi</span> <span class='ocrx_word' id='word_1_95' title='bbox 958 1440 1088 1519; x_wconf 89' lang='lat' dir='ltr'>ratione,</span> <span class='ocrx_word' id='word_1_96' title='bbox 1116 1442 1209 1506; x_wconf 89' lang='lat' dir='ltr'>inter-</span> 
     </span>
     <span class='ocr_line' id='line_1_12' title="bbox 64 1543 1207 1629; baseline 0.003 -22"><span class='ocrx_word' id='word_1_97' title='bbox 64 1545 234 1625; x_wconf 89' lang='lat' dir='ltr'>pretatione</span> <span class='ocrx_word' id='word_1_98' title='bbox 264 1544 433 1629; x_wconf 82' lang='lat' dir='ltr'>allegorica</span> <span class='ocrx_word' id='word_1_99' title='bbox 461 1544 596 1626; x_wconf 86' lang='lat' dir='ltr'>aliisque</span> <span class='ocrx_word' id='word_1_100' title='bbox 624 1543 718 1608; x_wconf 90' lang='lat' dir='ltr'>rebus</span> <span class='ocrx_word' id='word_1_101' title='bbox 747 1546 806 1609; x_wconf 92' lang='lat' dir='ltr'>hoc</span> <span class='ocrx_word' id='word_1_102' title='bbox 836 1548 1026 1629; x_wconf 90' lang='lat' dir='ltr'>opusculum</span> <span class='ocrx_word' id='word_1_103' title='bbox 1059 1548 1104 1612; x_wconf 90' lang='lat' dir='ltr'>ita</span> <span class='ocrx_word' id='word_1_104' title='bbox 1136 1567 1207 1611; x_wconf 87' lang='lat' dir='ltr'>cum</span> 
     </span>
     <span class='ocr_line' id='line_1_13' title="bbox 65 1649 1210 1737; baseline 0.004 -23"><span class='ocrx_word' id='word_1_105' title='bbox 65 1651 269 1716; x_wconf 84' lang='lat' dir='ltr'>Ambrosiano</span> <span class='ocrx_word' id='word_1_106' title='bbox 295 1651 462 1727; x_wconf 82' lang='lat' dir='ltr'>consentit,</span> <span class='ocrx_word' id='word_1_107' title='bbox 487 1654 524 1714; x_wconf 93' lang='lat' dir='ltr'>ut</span> <span class='ocrx_word' id='word_1_108' title='bbox 547 1649 580 1714; x_wconf 90' lang='lat' dir='ltr'>id</span> <span class='ocrx_word' id='word_1_109' title='bbox 603 1670 663 1714; x_wconf 92' lang='lat' dir='ltr'>non</span> <span class='ocrx_word' id='word_1_110' title='bbox 689 1653 787 1727; x_wconf 89' lang='lat' dir='ltr'>casui,</span> <span class='ocrx_word' id='word_1_111' title='bbox 812 1652 867 1716; x_wconf 86' lang='lat' dir='ltr'>sed</span> <span class='ocrx_word' id='word_1_112' title='bbox 891 1653 1059 1718; x_wconf 84' lang='lat' dir='ltr'>imitationi</span> <span class='ocrx_word' id='word_1_113' title='bbox 1086 1658 1210 1737; x_wconf 88' lang='lat' dir='ltr'>apertae</span> 
     </span>
     <span class='ocr_line' id='line_1_14' title="bbox 65 1757 1211 1840; baseline 0.003 -19"><span class='ocrx_word' id='word_1_114' title='bbox 65 1757 263 1823; x_wconf 87' lang='lat' dir='ltr'>tribuendum</span> <span class='ocrx_word' id='word_1_115' title='bbox 296 1776 366 1821; x_wconf 90' lang='grc'><strong>0000</strong></span> <span class='ocrx_word' id='word_1_116' title='bbox 398 1757 553 1821; x_wconf 90' lang='lat' dir='ltr'>uideatur.</span> <span class='ocrx_word' id='word_1_117' title='bbox 587 1777 659 1821; x_wconf 87' lang='lat' dir='ltr'>nam</span> <span class='ocrx_word' id='word_1_118' title='bbox 689 1777 880 1840; x_wconf 87' lang='lat' dir='ltr'>quamquam</span> <span class='ocrx_word' id='word_1_119' title='bbox 905 1759 1092 1824; x_wconf 86' lang='lat' dir='ltr'>Ambrosius</span> <span class='ocrx_word' id='word_1_120' title='bbox 1126 1761 1211 1824; x_wconf 79' lang='grc'><strong>11001</strong></span> 
     </span>
     <span class='ocr_line' id='line_1_15' title="bbox 68 1864 1210 1947; baseline 0.003 -19"><span class='ocrx_word' id='word_1_121' title='bbox 68 1883 130 1930; x_wconf 90' lang='lat' dir='ltr'>raro</span> <span class='ocrx_word' id='word_1_122' title='bbox 163 1884 244 1947; x_wconf 90' lang='lat' dir='ltr'>quae</span> <span class='ocrx_word' id='word_1_123' title='bbox 272 1864 303 1928; x_wconf 92' lang='grc'>10</span> <span class='ocrx_word' id='word_1_124' title='bbox 333 1864 404 1929; x_wconf 90' lang='lat' dir='ltr'>aliis</span> <span class='ocrx_word' id='word_1_125' title='bbox 431 1864 521 1928; x_wconf 85' lang='lat' dir='ltr'>libris</span> <span class='ocrx_word' id='word_1_126' title='bbox 550 1869 737 1946; x_wconf 80' lang='lat' dir='ltr'>exposuerat</span> <span class='ocrx_word' id='word_1_127' title='bbox 765 1884 862 1947; x_wconf 89' lang='lat' dir='ltr'>eaque</span> <span class='ocrx_word' id='word_1_128' title='bbox 891 1866 993 1930; x_wconf 86' lang='lat' dir='ltr'>isdem</span> <span class='ocrx_word' id='word_1_129' title='bbox 1017 1868 1081 1932; x_wconf 87' lang='lat' dir='ltr'>fere</span> <span class='ocrx_word' id='word_1_130' title='bbox 1106 1868 1210 1931; x_wconf 84' lang='lat' dir='ltr'>uerbis</span> 
     </span>
     <span class='ocr_line' id='line_1_16' title="bbox 67 1971 1211 2052; baseline 0.003 -18"><span class='ocrx_word' id='word_1_131' title='bbox 67 1989 141 2037; x_wconf 89' lang='lat' dir='ltr'>usus</span> <span class='ocrx_word' id='word_1_132' title='bbox 169 1974 311 2052; x_wconf 89' lang='lat' dir='ltr'>repetere</span> <span class='ocrx_word' id='word_1_133' title='bbox 340 1973 432 2047; x_wconf 87' lang='lat' dir='ltr'>solet,</span> <span class='ocrx_word' id='word_1_134' title='bbox 460 1975 566 2035; x_wconf 90' lang='lat' dir='ltr'>tamen</span> <span class='ocrx_word' id='word_1_135' title='bbox 595 1971 680 2034; x_wconf 85' lang='lat' dir='ltr'>hand</span> <span class='ocrx_word' id='word_1_136' title='bbox 704 1971 853 2036; x_wconf 85' lang='lat' dir='ltr'>credibile</span> <span class='ocrx_word' id='word_1_137' title='bbox 878 1977 927 2036; x_wconf 91' lang='lat' dir='ltr'>est</span> <span class='ocrx_word' id='word_1_138' title='bbox 951 1992 1023 2037; x_wconf 93' lang='lat' dir='ltr'>eum</span> <span class='ocrx_word' id='word_1_139' title='bbox 1048 1975 1078 2037; x_wconf 94' lang='lat' dir='ltr'>in</span> <span class='ocrx_word' id='word_1_140' title='bbox 1103 1974 1211 2037; x_wconf 92' lang='lat' dir='ltr'>eadem</span> 
     </span>
     <span class='ocr_line' id='line_1_17' title="bbox 68 2077 1213 2161; baseline 0.003 -21"><span class='ocrx_word' id='word_1_141' title='bbox 68 2078 196 2143; x_wconf 88' lang='lat' dir='ltr'>materia</span> <span class='ocrx_word' id='word_1_142' title='bbox 228 2077 391 2142; x_wconf 89' lang='lat' dir='ltr'>tractanda</span> <span class='ocrx_word' id='word_1_143' title='bbox 423 2078 480 2142; x_wconf 90' lang='lat' dir='ltr'>tali</span> <span class='ocrx_word' id='word_1_144' title='bbox 513 2078 605 2142; x_wconf 92' lang='lat' dir='ltr'>modo</span> <span class='ocrx_word' id='word_1_145' title='bbox 633 2078 740 2161; x_wconf 90' lang='lat' dir='ltr'>ipsum</span> <span class='ocrx_word' id='word_1_146' title='bbox 769 2097 857 2142; x_wconf 90' lang='lat' dir='ltr'>suam</span> <span class='ocrx_word' id='word_1_147' title='bbox 883 2079 1071 2160; x_wconf 86' lang='lat' dir='ltr'>sapientiam</span> <span class='ocrx_word' id='word_1_148' title='bbox 1096 2080 1213 2161; x_wconf 87' lang='lat' dir='ltr'>compi·</span> 
     </span>
     <span class='ocr_line' id='line_1_18' title="bbox 67 2184 1213 2269; baseline 0.003 -23"><span class='ocrx_word' id='word_1_149' title='bbox 67 2184 157 2249; x_wconf 85' lang='lat' dir='ltr'>lasse.</span> <span class='ocrx_word' id='word_1_150' title='bbox 198 2185 311 2248; x_wconf 90' lang='lat' dir='ltr'>merito</span> <span class='ocrx_word' id='word_1_151' title='bbox 347 2184 446 2269; x_wconf 90' lang='lat' dir='ltr'>igitur</span> <span class='ocrx_word' id='word_1_152' title='bbox 483 2185 543 2249; x_wconf 91' lang='lat' dir='ltr'>hoc</span> <span class='ocrx_word' id='word_1_153' title='bbox 579 2189 674 2267; x_wconf 86' lang='lat' dir='ltr'>negat</span> <span class='ocrx_word' id='word_1_154' title='bbox 705 2185 869 2259; x_wconf 89' lang='lat' dir='ltr'>Hermaut,</span> <span class='ocrx_word' id='word_1_155' title='bbox 908 2185 962 2266; x_wconf 92' lang='lat' dir='ltr'>qui</span> <span class='ocrx_word' id='word_1_156' title='bbox 1000 2186 1096 2249; x_wconf 91' lang='lat' dir='ltr'>simul</span> <span class='ocrx_word' id='word_1_157' title='bbox 1125 2186 1213 2249; x_wconf 86' lang='lat' dir='ltr'>addit</span> 
     </span>
     <span class='ocr_line' id='line_1_19' title="bbox 68 2290 1211 2375; baseline 0.002 -20"><span class='ocrx_word' id='word_1_158' title='bbox 68 2290 292 2375; x_wconf 80' lang='lat' dir='ltr'>Augustinum,</span> <span class='ocrx_word' id='word_1_159' title='bbox 318 2309 390 2356; x_wconf 84' lang='lat' dir='ltr'>cum</span> <span class='ocrx_word' id='word_1_160' title='bbox 414 2291 516 2355; x_wconf 88' lang='lat' dir='ltr'>tribus</span> <span class='ocrx_word' id='word_1_161' title='bbox 539 2290 618 2354; x_wconf 90' lang='lat' dir='ltr'>locis</span> <span class='ocrx_word' id='word_1_162' title='bbox 643 2310 808 2375; x_wconf 86' lang='lat' dir='ltr'>germanae</span> <span class='ocrx_word' id='word_1_163' title='bbox 833 2292 997 2375; x_wconf 85' lang='lat' dir='ltr'>apologiae</span> <span class='ocrx_word' id='word_1_164' title='bbox 1021 2292 1211 2357; x_wconf 86' lang='lat' dir='ltr'>mentionem</span> 
     </span>
     <span class='ocr_line' id='line_1_20' title="bbox 69 2395 1213 2483; baseline 0.004 -25"><span class='ocrx_word' id='word_1_165' title='bbox 69 2395 170 2472; x_wconf 86' lang='grc'><strong>100101,</strong></span> <span class='ocrx_word' id='word_1_166' title='bbox 195 2416 368 2478; x_wconf 88' lang='lat' dir='ltr'>numquam</span> <span class='ocrx_word' id='word_1_167' title='bbox 398 2416 465 2460; x_wconf 88' lang='lat' dir='ltr'>eam</span> <span class='ocrx_word' id='word_1_168' title='bbox 495 2396 630 2479; x_wconf 89' lang='lat' dir='ltr'>priorem</span> <span class='ocrx_word' id='word_1_169' title='bbox 659 2397 827 2481; x_wconf 88' lang='lat' dir='ltr'>appellare,</span> <span class='ocrx_word' id='word_1_170' title='bbox 858 2397 914 2461; x_wconf 91' lang='lat' dir='ltr'>sed</span> <span class='ocrx_word' id='word_1_171' title='bbox 942 2397 1010 2462; x_wconf 92' lang='lat' dir='ltr'>solo</span> <span class='ocrx_word' id='word_1_172' title='bbox 1039 2399 1213 2483; x_wconf 84' lang='lat' dir='ltr'>Apologiae</span> 
     </span>
     <span class='ocr_line' id='line_1_21' title="bbox 73 2502 1213 2585; baseline 0.004 -20"><span class='ocrx_word' id='word_1_173' title='bbox 73 2502 170 2569; x_wconf 78' lang='lat' dir='ltr'>[lauid</span> <span class='ocrx_word' id='word_1_174' title='bbox 203 2504 300 2568; x_wconf 90' lang='lat' dir='ltr'>titulo</span> <span class='ocrx_word' id='word_1_175' title='bbox 334 2504 392 2583; x_wconf 87' lang='lat' dir='ltr'>uti,</span> <span class='ocrx_word' id='word_1_176' title='bbox 420 2503 502 2567; x_wconf 90' lang='lat' dir='ltr'>unde</span> <span class='ocrx_word' id='word_1_177' title='bbox 532 2504 605 2585; x_wconf 91' lang='lat' dir='ltr'>quin</span> <span class='ocrx_word' id='word_1_178' title='bbox 635 2522 732 2566; x_wconf 90' lang='lat' dir='ltr'>unum</span> <span class='ocrx_word' id='word_1_179' title='bbox 761 2507 886 2567; x_wconf 90' lang='lat' dir='ltr'>tantum</span> <span class='ocrx_word' id='word_1_180' title='bbox 915 2505 1071 2569; x_wconf 90' lang='lat' dir='ltr'>eiusmodi</span> <span class='ocrx_word' id='word_1_181' title='bbox 1096 2505 1213 2571; x_wconf 85' lang='lat' dir='ltr'>librum</span> 
     </span>
     <span class='ocr_line' id='line_1_22' title="bbox 70 2611 1214 2692; baseline 0.003 -19"><span class='ocrx_word' id='word_1_182' title='bbox 70 2611 190 2675; x_wconf 83' lang='lat' dir='ltr'>nouerit</span> <span class='ocrx_word' id='word_1_183' title='bbox 222 2611 349 2675; x_wconf 91' lang='lat' dir='ltr'>omnino</span> <span class='ocrx_word' id='word_1_184' title='bbox 383 2611 520 2675; x_wconf 85' lang='lat' dir='ltr'>dubitari</span> <span class='ocrx_word' id='word_1_185' title='bbox 553 2629 614 2674; x_wconf 92' lang='lat' dir='ltr'>nou</span> <span class='ocrx_word' id='word_1_186' title='bbox 647 2629 750 2692; x_wconf 89' lang='lat' dir='ltr'>posse.</span> <span class='ocrx_word' id='word_1_187' title='bbox 784 2629 895 2675; x_wconf 87' lang='lat' dir='ltr'>uerum</span> <span class='ocrx_word' id='word_1_188' title='bbox 926 2615 1031 2676; x_wconf 88' lang='lat' dir='ltr'>tamen</span> <span class='ocrx_word' id='word_1_189' title='bbox 1061 2616 1098 2676; x_wconf 91' lang='grc'>01</span> <span class='ocrx_word' id='word_1_190' title='bbox 1130 2612 1214 2676; x_wconf 90' lang='lat' dir='ltr'>haud</span> 
     </span>
     <span class='ocr_line' id='line_1_23' title="bbox 70 2716 1213 2802; baseline 0.003 -23"><span class='ocrx_word' id='word_1_191' title='bbox 70 2718 177 2802; x_wconf 83' lang='lat' dir='ltr'>exigua</span> <span class='ocrx_word' id='word_1_192' title='bbox 200 2717 283 2781; x_wconf 91' lang='lat' dir='ltr'>inter</span> <span class='ocrx_word' id='word_1_193' title='bbox 305 2721 475 2800; x_wconf 87' lang='lat' dir='ltr'>utrumque</span> <span class='ocrx_word' id='word_1_194' title='bbox 498 2717 615 2781; x_wconf 87' lang='lat' dir='ltr'>librum</span> <span class='ocrx_word' id='word_1_195' title='bbox 640 2716 815 2781; x_wconf 87' lang='lat' dir='ltr'>similitudo</span> <span class='ocrx_word' id='word_1_196' title='bbox 840 2717 1016 2795; x_wconf 83' lang='lat' dir='ltr'>intercedit,</span> <span class='ocrx_word' id='word_1_197' title='bbox 1036 2718 1081 2782; x_wconf 92' lang='lat' dir='ltr'>ita</span> <span class='ocrx_word' id='word_1_198' title='bbox 1100 2737 1213 2802; x_wconf 87' lang='lat' dir='ltr'>graues</span> 
     </span>
     <span class='ocr_line' id='line_1_24' title="bbox 71 2823 1213 2907; baseline 0.001 -20"><span class='ocrx_word' id='word_1_199' title='bbox 71 2823 221 2904; x_wconf 85' lang='lat' dir='ltr'>quaedam</span> <span class='ocrx_word' id='word_1_200' title='bbox 264 2824 491 2907; x_wconf 87' lang='lat' dir='ltr'>discrepantiae</span> <span class='ocrx_word' id='word_1_201' title='bbox 535 2824 783 2906; x_wconf 89' lang='lat' dir='ltr'>conspiciuntur.</span> <span class='ocrx_word' id='word_1_202' title='bbox 830 2842 865 2887; x_wconf 89' lang='lat' dir='ltr'>ac</span> <span class='ocrx_word' id='word_1_203' title='bbox 907 2824 1044 2906; x_wconf 83' lang='lat' dir='ltr'>primum</span> <span class='ocrx_word' id='word_1_204' title='bbox 1087 2825 1213 2907; x_wconf 91' lang='lat' dir='ltr'>quidem</span> 
     </span>
     <span class='ocr_line' id='line_1_25' title="bbox 70 2929 1214 3014; baseline 0.003 -22"><span class='ocrx_word' id='word_1_205' title='bbox 70 2930 265 3003; x_wconf 80' lang='lat' dir='ltr'>Ambrosius,</span> <span class='ocrx_word' id='word_1_206' title='bbox 289 2931 345 2996; x_wconf 90' lang='lat' dir='ltr'>ubi</span> <span class='ocrx_word' id='word_1_207' title='bbox 367 2931 530 2995; x_wconf 89' lang='lat' dir='ltr'>audientes</span> <span class='ocrx_word' id='word_1_208' title='bbox 565 2929 744 3011; x_wconf 87' lang='lat' dir='ltr'>compellat,</span> <span class='ocrx_word' id='word_1_209' title='bbox 768 2931 860 3014; x_wconf 87' lang='lat' dir='ltr'>longe</span> <span class='ocrx_word' id='word_1_210' title='bbox 890 2929 951 2994; x_wconf 92' lang='lat' dir='ltr'>alia</span> <span class='ocrx_word' id='word_1_211' title='bbox 980 2950 1075 3012; x_wconf 90' lang='lat' dir='ltr'>quam</span> <span class='ocrx_word' id='word_1_212' title='bbox 1103 2930 1130 2995; x_wconf 90' lang='lat' dir='ltr'>is</span> <span class='ocrx_word' id='word_1_213' title='bbox 1160 2934 1214 3013; x_wconf 93' lang='lat' dir='ltr'>qui</span> 
     </span>
     <span class='ocr_line' id='line_1_26' title="bbox 71 3036 1213 3121; baseline 0.002 -23"><span class='ocrx_word' id='word_1_214' title='bbox 71 3036 124 3102; x_wconf 78' lang='lat' dir='ltr'>lios</span> <span class='ocrx_word' id='word_1_215' title='bbox 163 3057 323 3103; x_wconf 87' lang='lat' dir='ltr'>sermones</span> <span class='ocrx_word' id='word_1_216' title='bbox 357 3038 545 3121; x_wconf 90' lang='lat' dir='ltr'>conscripsit</span> <span class='ocrx_word' id='word_1_217' title='bbox 576 3037 697 3101; x_wconf 89' lang='lat' dir='ltr'>ratione</span> <span class='ocrx_word' id='word_1_218' title='bbox 729 3037 840 3101; x_wconf 91' lang='lat' dir='ltr'>utitur.</span> <span class='ocrx_word' id='word_1_219' title='bbox 874 3055 911 3100; x_wconf 87' lang='lat' dir='ltr'>an</span> <span class='ocrx_word' id='word_1_220' title='bbox 944 3041 979 3101; x_wconf 93' lang='lat' dir='ltr'>tu</span> <span class='ocrx_word' id='word_1_221' title='bbox 1013 3041 1108 3120; x_wconf 90' lang='lat' dir='ltr'>putas</span> <span class='ocrx_word' id='word_1_222' title='bbox 1142 3057 1213 3101; x_wconf 80' lang='lat' dir='ltr'>earm</span> 
     </span>
     <span class='ocr_line' id='line_1_27' title="bbox 71 3142 1216 3229; baseline 0.001 -24"><span class='ocrx_word' id='word_1_223' title='bbox 71 3145 132 3207; x_wconf 89' lang='lat' dir='ltr'>tam</span> <span class='ocrx_word' id='word_1_224' title='bbox 157 3145 327 3210; x_wconf 89' lang='lat' dir='ltr'>summisse</span> <span class='ocrx_word' id='word_1_225' title='bbox 350 3146 492 3210; x_wconf 87' lang='lat' dir='ltr'>locutum</span> <span class='ocrx_word' id='word_1_226' title='bbox 517 3163 598 3221; x_wconf 91' lang='grc'><strong>0000,</strong></span> <span class='ocrx_word' id='word_1_227' title='bbox 622 3146 659 3206; x_wconf 90' lang='grc'>01</span> <span class='ocrx_word' id='word_1_228' title='bbox 677 3142 715 3206; x_wconf 90' lang='lat' dir='ltr'>de</span> <span class='ocrx_word' id='word_1_229' title='bbox 734 3143 853 3227; x_wconf 92' lang='lat' dir='ltr'>ingenii</span> <span class='ocrx_word' id='word_1_230' title='bbox 873 3143 923 3207; x_wconf 89' lang='lat' dir='ltr'>sui</span> <span class='ocrx_word' id='word_1_231' title='bbox 943 3143 1099 3229; x_wconf 84' lang='lat' dir='ltr'>angustiis</span> <span class='ocrx_word' id='word_1_232' title='bbox 1119 3143 1216 3208; x_wconf 89' lang='lat' dir='ltr'>uerba</span> 
     </span>
     <span class='ocr_line' id='line_1_28' title="bbox 72 3248 1215 3335; baseline 0.003 -25"><span class='ocrx_word' id='word_1_233' title='bbox 72 3248 187 3317; x_wconf 85' lang='lat' dir='ltr'>laceret</span> <span class='ocrx_word' id='word_1_234' title='bbox 219 3252 442 3334; x_wconf 87' lang='lat' dir='ltr'>auditoresque</span> <span class='ocrx_word' id='word_1_235' title='bbox 473 3252 576 3335; x_wconf 87' lang='lat' dir='ltr'>magis</span> <span class='ocrx_word' id='word_1_236' title='bbox 611 3255 747 3314; x_wconf 90' lang='lat' dir='ltr'>mentem</span> <span class='ocrx_word' id='word_1_237' title='bbox 783 3269 873 3315; x_wconf 81' lang='grc'><strong>00000</strong></span> <span class='ocrx_word' id='word_1_238' title='bbox 903 3270 997 3332; x_wconf 90' lang='lat' dir='ltr'>quam</span> <span class='ocrx_word' id='word_1_239' title='bbox 1021 3250 1118 3314; x_wconf 88' lang='lat' dir='ltr'>uerba</span> <span class='ocrx_word' id='word_1_240' title='bbox 1142 3268 1215 3332; x_wconf 92' lang='lat' dir='ltr'>pen-</span> 
     </span>
     <span class='ocr_line' id='line_1_29' title="bbox 74 3355 1215 3442; baseline 0 -23"><span class='ocrx_word' id='word_1_241' title='bbox 74 3355 141 3421; x_wconf 86' lang='lat' dir='ltr'>dere</span> <span class='ocrx_word' id='word_1_242' title='bbox 174 3359 308 3438; x_wconf 86' lang='lat' dir='ltr'>iuberet,</span> <span class='ocrx_word' id='word_1_243' title='bbox 342 3363 397 3423; x_wconf 89' lang='grc'>001</span> <span class='ocrx_word' id='word_1_244' title='bbox 429 3378 483 3425; x_wconf 90' lang='grc'>000</span> <span class='ocrx_word' id='word_1_245' title='bbox 517 3358 682 3442; x_wconf 85' lang='lat' dir='ltr'>rogauisse</span> <span class='ocrx_word' id='word_1_246' title='bbox 715 3362 752 3421; x_wconf 93' lang='lat' dir='ltr'>ut</span> <span class='ocrx_word' id='word_1_247' title='bbox 786 3376 865 3438; x_wconf 91' lang='lat' dir='ltr'>quae</span> <span class='ocrx_word' id='word_1_248' title='bbox 898 3358 1049 3438; x_wconf 81' lang='lat' dir='ltr'>proferret</span> <span class='ocrx_word' id='word_1_249' title='bbox 1082 3356 1215 3438; x_wconf 88' lang='lat' dir='ltr'>placidis</span> 
     </span>
     <span class='ocr_line' id='line_1_30' title="bbox 75 3463 1216 3551; baseline 0.002 -27"><span class='ocrx_word' id='word_1_250' title='bbox 75 3465 200 3528; x_wconf 88' lang='lat' dir='ltr'>auribus</span> <span class='ocrx_word' id='word_1_251' title='bbox 224 3465 402 3549; x_wconf 88' lang='lat' dir='ltr'>acciperent</span> <span class='ocrx_word' id='word_1_252' title='bbox 424 3466 514 3551; x_wconf 78' lang='lat'>(376,</span> <span class='ocrx_word' id='word_1_253' title='bbox 539 3466 574 3538; x_wconf 74' lang='grc' dir='ltr'>ὃς</span> <span class='ocrx_word' id='word_1_254' title='bbox 600 3466 675 3543; x_wconf 85' lang='grc'><strong>393,</strong></span> <span class='ocrx_word' id='word_1_255' title='bbox 702 3465 793 3546; x_wconf 65' lang='lat' dir='ltr'>1th</span> <span class='ocrx_word' id='word_1_256' title='bbox 818 3463 871 3526; x_wconf 93' lang='lat' dir='ltr'>uel</span> <span class='ocrx_word' id='word_1_257' title='bbox 895 3482 1002 3527; x_wconf 91' lang='lat' dir='ltr'>eorum</span> <span class='ocrx_word' id='word_1_258' title='bbox 1024 3463 1216 3544; x_wconf 78' lang='grc'><strong>000001010-</strong></span> 
     </span>
     <span class='ocr_line' id='line_1_31' title="bbox 75 3568 1216 3656; baseline -0.002 -22"><span class='ocrx_word' id='word_1_259' title='bbox 75 3577 120 3636; x_wconf 91' lang='grc'>001</span> <span class='ocrx_word' id='word_1_260' title='bbox 143 3573 326 3637; x_wconf 87' lang='lat' dir='ltr'>meminisse</span> <span class='ocrx_word' id='word_1_261' title='bbox 351 3574 553 3656; x_wconf 85' lang='lat' dir='ltr'>dignarentur</span> <span class='ocrx_word' id='word_1_262' title='bbox 576 3571 665 3656; x_wconf 80' lang='lat'>(399,</span> <span class='ocrx_word' id='word_1_263' title='bbox 690 3568 808 3655; x_wconf 75' lang='lat'>24)?³)</span> <span class='ocrx_word' id='word_1_264' title='bbox 833 3569 943 3634; x_wconf 90' lang='lat' dir='ltr'>deiude</span> <span class='ocrx_word' id='word_1_265' title='bbox 967 3570 998 3633; x_wconf 90' lang='lat' dir='ltr'>in</span> <span class='ocrx_word' id='word_1_266' title='bbox 1028 3568 1216 3634; x_wconf 88' lang='lat' dir='ltr'>tractatione</span> 
     </span>
     <span class='ocr_line' id='line_1_32' title="bbox 76 3666 1217 3764; baseline -0.003 -23"><span class='ocrx_word' id='word_1_267' title='bbox 76 3678 249 3764; x_wconf 84' lang='lat' dir='ltr'>argumenti</span> <span class='ocrx_word' id='word_1_268' title='bbox 277 3666 321 3742; x_wconf 81' lang='lat' dir='ltr'>et&#39;</span> <span class='ocrx_word' id='word_1_269' title='bbox 337 3678 534 3763; x_wconf 87' lang='lat' dir='ltr'>singularum</span> <span class='ocrx_word' id='word_1_270' title='bbox 563 3697 666 3741; x_wconf 93' lang='lat' dir='ltr'>rerum</span> <span class='ocrx_word' id='word_1_271' title='bbox 696 3675 912 3758; x_wconf 80' lang='lat' dir='ltr'>explicatione,</span> <span class='ocrx_word' id='word_1_272' title='bbox 940 3674 971 3737; x_wconf 95' lang='lat' dir='ltr'>in</span> <span class='ocrx_word' id='word_1_273' title='bbox 998 3694 1059 3756; x_wconf 90' lang='lat' dir='ltr'>qua</span> <span class='ocrx_word' id='word_1_274' title='bbox 1082 3676 1217 3739; x_wconf 84' lang='lat' dir='ltr'>molesta</span> 
     </span>
    </p>
   </div>
   <div class='ocr_carea' id='block_1_3' title="bbox 77 3883 1218 4313">
    <p class='ocr_par' dir='ltr' id='par_1_3' title="bbox 119 3883 820 3953">
     <span class='ocr_line' id='line_1_33' title="bbox 119 3883 820 3953; baseline -0.013 -10"><span class='ocrx_word' id='word_1_275' title='bbox 119 3888 137 3953; x_wconf 86' lang='lat'>¹)</span> <span class='ocrx_word' id='word_1_276' title='bbox 157 3888 197 3942; x_wconf 91' lang='lat' dir='ltr'>La</span> <span class='ocrx_word' id='word_1_277' title='bbox 216 3888 258 3942; x_wconf 82' lang='lat' dir='ltr'>vie</span> <span class='ocrx_word' id='word_1_278' title='bbox 278 3887 311 3941; x_wconf 89' lang='lat' dir='ltr'>de</span> <span class='ocrx_word' id='word_1_279' title='bbox 330 3888 403 3941; x_wconf 87' lang='grc'><strong>00101</strong></span> <span class='ocrx_word' id='word_1_280' title='bbox 421 3886 561 3940; x_wconf 83' lang='lat' dir='ltr'>Ambroise</span> <span class='ocrx_word' id='word_1_281' title='bbox 580 3885 692 3938; x_wconf 85' lang='lat' dir='ltr'>Parisiis</span> <span class='ocrx_word' id='word_1_282' title='bbox 714 3883 820 3953; x_wconf 66' lang='lat' dir='ltr'>lotape.</span> 
     </span>
    </p>

    <p class='ocr_par' dir='ltr' id='par_1_4' title="bbox 77 3968 1218 4136">
     <span class='ocr_line' id='line_1_34' title="bbox 117 3968 1218 4045; baseline -0.009 -15"><span class='ocrx_word' id='word_1_283' title='bbox 117 3974 137 4042; x_wconf 79' lang='lat'>²)</span> <span class='ocrx_word' id='word_1_284' title='bbox 157 3977 258 4031; x_wconf 88' lang='lat' dir='ltr'>similia</span> <span class='ocrx_word' id='word_1_285' title='bbox 280 3993 344 4030; x_wconf 88' lang='grc'><strong>0000</strong></span> <span class='ocrx_word' id='word_1_286' title='bbox 368 3975 440 4045; x_wconf 83' lang='lat' dir='ltr'>apud</span> <span class='ocrx_word' id='word_1_287' title='bbox 463 3974 596 4027; x_wconf 87' lang='lat' dir='ltr'>Basiliuru</span> <span class='ocrx_word' id='word_1_288' title='bbox 619 3974 756 4042; x_wconf 85' lang='lat' dir='ltr'>leguntur,</span> <span class='ocrx_word' id='word_1_289' title='bbox 781 3970 870 4024; x_wconf 91' lang='lat' dir='ltr'>ueluti</span> <span class='ocrx_word' id='word_1_290' title='bbox 892 3969 964 4025; x_wconf 88' lang='lat' dir='ltr'>hom.</span> <span class='ocrx_word' id='word_1_291' title='bbox 988 3970 1017 4021; x_wconf 93' lang='lat' dir='ltr'>in</span> <span class='ocrx_word' id='word_1_292' title='bbox 1040 3968 1136 4039; x_wconf 87' lang='lat' dir='ltr'>psalm.</span> <span class='ocrx_word' id='word_1_293' title='bbox 1160 3969 1173 4021; x_wconf 95' lang='grc' dir='ltr'>Ι</span> <span class='ocrx_word' id='word_1_294' title='bbox 1194 3968 1218 4033; x_wconf 88' lang='grc' dir='ltr'>(Ι</span> 
     </span>
     <span class='ocr_line' id='line_1_35' title="bbox 77 4061 735 4136; baseline -0.003 -20"><span class='ocrx_word' id='word_1_295' title='bbox 77 4064 124 4118; x_wconf 77' lang='grc'>227</span> <span class='ocrx_word' id='word_1_296' title='bbox 144 4066 240 4132; x_wconf 83' lang='grc' dir='ltr'>ΒΜ.)</span> <span class='ocrx_word' id='word_1_297' title='bbox 260 4063 417 4136; x_wconf 56' lang='grc' dir='ltr'><strong>0130οώ00000</strong></span> <span class='ocrx_word' id='word_1_298' title='bbox 438 4068 528 4126; x_wconf 71' lang='grc' dir='ltr'>ἀκοαῖς</span> <span class='ocrx_word' id='word_1_299' title='bbox 547 4061 735 4132; x_wconf 67' lang='grc' dir='ltr'><strong>παραθέμενοι.</strong></span> 
     </span>
    </p>

    <p class='ocr_par' dir='ltr' id='par_1_5' title="bbox 78 4144 1216 4313">
     <span class='ocr_line' id='line_1_36' title="bbox 118 4144 1216 4220; baseline -0.01 -13"><span class='ocrx_word' id='word_1_300' title='bbox 118 4152 138 4219; x_wconf 73' lang='lat'>³)</span> <span class='ocrx_word' id='word_1_301' title='bbox 159 4152 236 4216; x_wconf 83' lang='lat' dir='ltr'>adde,</span> <span class='ocrx_word' id='word_1_302' title='bbox 252 4153 275 4206; x_wconf 91' lang='lat' dir='ltr'>si</span> <span class='ocrx_word' id='word_1_303' title='bbox 289 4169 354 4206; x_wconf 87' lang='lat' dir='ltr'>uera</span> <span class='ocrx_word' id='word_1_304' title='bbox 368 4157 411 4205; x_wconf 86' lang='lat' dir='ltr'>est</span> <span class='ocrx_word' id='word_1_305' title='bbox 424 4155 572 4205; x_wconf 88' lang='lat' dir='ltr'>ceterorum</span> <span class='ocrx_word' id='word_1_306' title='bbox 588 4152 695 4220; x_wconf 88' lang='lat' dir='ltr'>praeter</span> <span class='ocrx_word' id='word_1_307' title='bbox 709 4147 757 4200; x_wconf 85' lang='lat' dir='ltr'>TN</span> <span class='ocrx_word' id='word_1_308' title='bbox 771 4147 861 4212; x_wconf 87' lang='lat' dir='ltr'>lectio,</span> <span class='ocrx_word' id='word_1_309' title='bbox 876 4145 959 4199; x_wconf 88' lang='lat' dir='ltr'>uerba</span> <span class='ocrx_word' id='word_1_310' title='bbox 974 4145 1044 4214; x_wconf 78' lang='lat'>(400,</span> <span class='ocrx_word' id='word_1_311' title='bbox 1061 4144 1216 4214; x_wconf 63' lang='grc'><strong>1000011-</strong></span> 
     </span>
     <span class='ocr_line' id='line_1_37' title="bbox 78 4239 629 4313; baseline -0.004 -19"><span class='ocrx_word' id='word_1_312' title='bbox 78 4258 210 4313; x_wconf 87' lang='lat' dir='ltr'>cumque</span> <span class='ocrx_word' id='word_1_313' title='bbox 229 4258 288 4296; x_wconf 85' lang='lat' dir='ltr'>meo</span> <span class='ocrx_word' id='word_1_314' title='bbox 307 4239 470 4313; x_wconf 89' lang='lat' dir='ltr'>respondere</span> <span class='ocrx_word' id='word_1_315' title='bbox 489 4241 629 4293; x_wconf 88' lang='lat' dir='ltr'>sermone&#39;.</span> 
     </span>
    </p>
   </div>
   <div class='ocr_carea' id='block_1_4' title="bbox 0 0 1427 5168">
    <p class='ocr_par' dir='ltr' id='par_1_6' title="bbox 0 0 1427 5168">
     <span class='ocr_line' id='line_1_38' title="bbox 0 0 1427 5168; baseline 0 0"><span class='ocrx_word' id='word_1_316' title='bbox 0 0 1427 5168; x_wconf 95' lang='lat' dir='ltr'> </span> 
     </span>
    </p>
   </div>
  </div>
 </body>
</html>
