2804 5168
158 656 201 719 68
639 652 836 706 Ambrosii

159 844 198 909 ad
221 846 356 909 mortem
379 862 435 924 per
454 842 565 906 acerba
584 842 743 925 supplicia
761 845 975 908 cucurrerunt.
996 847 1028 908 et
1046 848 1147 909 mater
1165 865 1304 912 consona

159 970 290 1015 cernens
323 949 461 1013 filiorum
494 949 621 1032 agmina
652 952 815 1031 tamquam
848 950 901 1032 pia
933 951 1037 1014 anima
1073 950 1124 1015 sui
1162 955 1304 1019 membra

159 1057 299 1140 corporis
323 1056 354 1119 in
378 1056 453 1120 filiis
479 1055 630 1120 offerebat
653 1058 686 1120 et
708 1075 764 1139 per
782 1059 870 1120 artus
890 1057 1034 1140 proprios
1053 1057 1224 1124 uidebatur
1242 1061 1304 1125 sibi

159 1165 272 1230 uotiua
295 1163 399 1227 subire
423 1164 589 1227 tormenta.

115 1268 157 1330 56
205 1269 366 1335 Cadebaut
383 1269 442 1333 filii
459 1270 626 1334 tormentis
646 1269 826 1345 exulcerati,
846 1270 963 1334 mortui
983 1289 1078 1354 super
1091 1276 1234 1338 mortuos
1250 1275 1303 1338 ad·
1334 1302 1346 1340 ⁵
1365 1288 1386 1340 Β

159 1377 381 1450 uoluebantur‚
407 1395 537 1460 corpora
561 1394 656 1457 super
679 1394 810 1459 corpora
828 1377 1065 1453 salutabantur,
1086 1378 1190 1460 capita
1208 1399 1306 1463 super

159 1485 264 1567 capita
287 1483 523 1559 exsecabantur,
548 1483 683 1546 refertus
706 1484 798 1546 locus
822 1486 889 1546 erat
918 1483 1126 1549 cadaueribus
1150 1485 1303 1553 filiorum:

158 1611 220 1656 non
248 1590 339 1655 fleuit
366 1591 476 1664 mater,
505 1608 567 1653 non
595 1591 768 1653 lamentata
796 1592 854 1663 est,
883 1609 944 1653 non
974 1591 1085 1655 oculos
1114 1592 1305 1675 cuiusquam

158 1698 277 1782 pressit
300 1701 356 1761 aut
379 1715 432 1760 ora
450 1695 626 1773 morientis,
647 1714 706 1759 non
725 1695 808 1759 lauit
825 1696 959 1760 uulnera
977 1696 1080 1761 sciens
1100 1697 1305 1780 gloriosiores

160 1825 240 1883 esse,
256 1804 284 1868 si
301 1803 469 1868 euiscerati
484 1804 517 1866 et
531 1801 670 1867 concreti
684 1803 802 1884 pariter
815 1802 945 1884 pulnere
956 1805 988 1866 et
999 1804 1306 1886 sanguinenideren·
1326 1837 1350 1873 lo

159 1916 221 1990 tur,
242 1911 352 1993 quales
372 1910 476 1975 solent
493 1909 531 1972 de
550 1908 634 1973 bello
653 1908 754 1972 redire
768 1908 918 1986 uictores,
934 1909 1043 1990 quales
1060 1911 1163 1974 solent
1175 1915 1306 1994 tropaea

161 2038 197 2082 ex
220 2016 367 2082 hostibus
390 2018 559 2098 reportare
584 2034 645 2078 non
670 2014 909 2097 superiacienda
931 2015 1099 2092 uelamina,
1119 2036 1180 2080 non
1200 2038 1305 2100 prose-

160 2124 302 2206 quendas
326 2122 490 2204 exsequias
514 2121 576 2186 nisi
600 2140 676 2186 suae
701 2140 826 2203 qnoque
851 2120 1004 2184 comitatu
1024 2122 1135 2186 mortis
1155 2124 1306 2189 arbitrata
1367 2136 1390 2190 C

161 2234 220 2295 est.
245 2248 325 2312 qaae
350 2228 471 2293 cithara
494 2227 651 2292 dulciores
676 2228 783 2292 ederet
806 2231 917 2292 cantus
942 2247 1037 2309 quam
1056 2230 1226 2294 morientes
1246 2231 1305 2295 filii

161 2337 192 2401 iu
216 2341 281 2400 tam
306 2335 457 2420 grauibus
477 2334 645 2417 suppliciis
665 2334 851 2398 ediderant?
872 2335 1056 2416 erumpebat
1072 2336 1154 2399 enim
1174 2339 1305 2402 naturae
1325 2371 1348 2407 n

162 2444 300 2528 gemitus
325 2446 357 2506 et
380 2442 501 2506 inuitis,
527 2445 683 2524 spectares
707 2460 762 2524 per
785 2440 925 2504 ordinem
943 2445 1184 2525 peremptorum
1214 2443 1304 2509 cada-

161 2569 237 2613 uera
274 2550 358 2614 sicut
394 2549 448 2612 fila
485 2550 661 2612 cordarum.
699 2548 824 2612 audires
857 2547 1084 2628 eptachordnm
1116 2550 1304 2631 psalterium

161 2656 409 2739 triumphalibus
435 2655 607 2738 gemitibus
632 2655 795 2720 resultare.
819 2674 880 2719 non
906 2657 951 2720 sic
974 2656 1162 2720 inlecebrosi
1184 2658 1243 2735 illi,
1269 2663 1305 2722 ut

161 2764 260 2838 aiunt,
299 2766 410 2827 cautus
449 2762 594 2826 Sirenum
633 2763 794 2826 traherent
832 2762 1033 2837 audientem3
1067 2763 1115 2827 illi
1149 2762 1232 2827 enim
1265 2763 1304 2827 ad

161 2870 359 2954 naufragium
396 2869 572 2945 trahebant,
610 2868 665 2932 isti
701 2869 739 2932 ad
778 2869 924 2932 sacrificii
956 2869 1134 2934 uictoriam.
1167 2888 1224 2933 neo
1259 2871 1304 2933 sic
1323 2903 1349 2940 20

162 2996 277 3060 cycnea
319 2976 456 3040 carmina
493 2994 584 3039 aures
624 2976 827 3056 animumque
861 2976 1055 3050 mulcerent3
1095 2976 1183 3058 cycni
1221 2977 1305 3040 euim
1349 2998 1398 3052 48(

253 3289 265 3339 l
287 3287 319 3339 ale
338 3286 422 3339 Mace,
441 3287 502 3347 408,
522 3288 537 3339 9
594 3289 609 3339 5
629 3285 661 3338 dc
681 3286 764 3337 Maec.
784 3286 875 3349 40534
930 3285 994 3338 sno
1011 3286 1092 3338 llaec.
1112 3287 1174 3346 409,
1190 3288 1206 3338 4
1222 3286 1261 3339 Ua
1279 3305 1303 3355 g.

162 3375 398 3430 nonvilllsst
466 3376 497 3426 17
518 3374 550 3426 de
569 3375 654 3428 illaec.
674 3376 735 3429 406.
755 3377 789 3426 24
856 3374 1160 3433 maletractatione
1216 3377 1247 3427 21
1272 3375 1304 3427 de

162 3466 246 3519 blanc.
266 3466 328 3520 408.
348 3468 363 3516 d

200 3676 212 3727 l
234 3680 262 3728 nl
287 3676 310 3727 Τ
329 3679 368 3741 (et
387 3680 466 3734 coar.)
488 3682 533 3727 cel.
609 3677 624 3727 ‘3
645 3691 755 3727 censens
775 3675 797 3725 Α
821 3678 843 3737 (s
862 3691 882 3725 s.
903 3680 941 3738 aa>
1019 3673 1148 3725 lustina
1168 3691 1219 3726 oar.
1244 3672 1304 3734 VN,

161 3764 277 3817 ΜΤ
367 3766 459 3815 terat
478 3763 551 3814 locus
570 3763 643 3817 11”Ε
732 3765 747 3814 ll
768 3763 905 3814 nroricnlis
929 3762 1027 3814 clausit
1053 3761 1308 3828 (clarrsits.ae.)T

164 3853 194 3904 ll
215 3853 331 3904 uictores
352 3851 442 3919 qualia
467 3851 523 3902 VN
538 3857 562 3903 et
581 3851 623 3919 lin-
641 3866 694 3917 paco
715 3851 758 3918 qui
780 3850 843 3913 alia)
860 3850 885 3901 Τ
991 3854 1085 3917 tropea
1105 3851 1128 3904 a
1149 3850 1262 3918 trophea
1280 3851 1307 3901 P

162 3941 191 4012 (h
210 3946 280 4008 erp.)
301 3947 347 3993 cet.
438 3941 468 3992 la
489 3939 935 4007 superiaciendaftlialtera
956 3943 1012 4006 1112)
1102 3940 1133 3989 14
1153 3938 1262 4005 cythara
1283 3939 1308 3989 P

164 4031 290 4085 citarent
386 4029 478 4081 ederet
497 4029 573 4081 Paul
593 4029 696 4083 iares.
790 4030 821 4080 15
843 4027 986 4080 ediderunt
1013 4028 1032 4074 l’
1051 4030 1110 4092 (unt
1129 4044 1162 4080 aa
1181 4032 1229 4079 aut
1248 4030 1304 4089 2112)

165 4120 196 4173 16
216 4119 318 4171 inuitus
337 4118 419 4169 Prae>
437 4118 517 4172 licead
541 4117 710 4183 T(innit'a·)
803 4118 833 4168 17
859 4115 1016 4168 chordarum
1040 4119 1067 4168 A
1093 4116 1120 4175 (h
1144 4132 1165 4170 s.
1192 4124 1231 4180 u.)
1255 4115 1305 4171 lon

199 4207 305 4260 audires
325 4210 348 4269 (s
368 4224 388 4260 s.
408 4211 446 4269 aa.)
467 4210 513 4258 2112
528 4207 581 4256 ΑΡ
598 4209 644 4257 and
658 4208 682 4261 al
738 4205 929 4273 eptachordum
952 4205 1012 4257 Vm
1032 4204 1240 4272 septachordum
1256 4205 1306 4260 Aa

163 4295 363 4365 septichordum
383 4294 409 4346 P
427 4293 607 4362 septis-ardum
631 4295 655 4346 Τ
678 4301 721 4356 (ex
747 4293 932 4362 eplacordum)
1027 4294 1058 4345 18
1078 4293 1261 4346 triumlalibns
1283 4294 1309 4345 P

167 4386 199 4438 ra
218 4386 365 4436 sirenarum
384 4383 411 4435 P
428 4390 453 4435 et
471 4384 512 4451 (ar
529 4398 549 4437 s.
569 4389 608 4446 acl
628 4386 711 4435 Aant'
729 4385 752 4437 a
764 4388 808 4434 and
881 4383 1050 4434 attraherent
1068 4381 1141 4437 al¹E
1194 4384 1224 4435 ‘21
1248 4399 1306 4451 cyc-

166 4490 217 4525 nea
234 4474 312 4524 Anal
330 4473 386 4527 ullu
407 4473 501 4540 cignea
520 4472 546 4523 Ρ
564 4489 666 4539 cygnea
683 4474 766 4524 alne?
784 4472 816 4525 al
836 4488 869 4522 an.
890 4477 957 4525 arat..
977 4476 1023 4522 cet.
1094 4471 1168 4539 cycni
1187 4473 1265 4523 Arni
1283 4473 1308 4527 a

167 4566 192 4626 (c
212 4563 260 4614 alt.
280 4562 310 4613 ia
329 4560 396 4627 ras.)
415 4563 447 4615 pp
467 4562 539 4628 signi
559 4561 585 4612 P
604 4561 681 4629 cygni
696 4562 722 4611 A
734 4563 779 4611 rna)
791 4561 824 4614 tl'
843 4577 876 4611 nr.
898 4566 965 4621 ant,
987 4565 1033 4612 cet.
