2804 5168
338 286 378 338 De
397 285 496 355 Ioseph
518 287 558 340 13.
580 287 621 350 14,
641 286 746 340 80-83
772 285 797 351 (Ι
815 285 867 340 509
887 284 997 339 C-510
1017 284 1057 351 C).
1205 290 1264 352 121
1371 314 1373 319 ·

126 485 272 564 gentem
303 481 398 545 enim
427 501 597 565 magnam
625 486 660 545 te
689 483 826 546 faciam
854 482 916 545 ibi.
946 501 1012 568 ego
1042 481 1266 547 descendam

125 594 248 653 tecum
272 589 308 652 in
332 590 545 673 Aegyptum
572 593 608 653 et
632 608 699 673 ego
721 589 900 655 deducam
920 595 956 655 te
976 592 1011 654 in
1032 594 1266 673 perpetuum.

124 696 390 779 quemadmodum
425 715 503 777 quae
537 697 599 779 ipsi
631 696 743 782 legunt
770 716 830 761 non
859 697 1048 780 intellegunt
1076 701 1108 761 et
1135 697 1265 779 Moysen

124 823 215 884 quem
249 804 382 867 laudant
414 803 581 886 abnegant,
616 823 686 868 cum
723 803 791 868 eius
826 804 952 886 scriptis
981 805 1094 868 nolunt
1122 803 1266 868 credere!

94 909 199 992 equid
223 910 403 975 euidentius
429 930 522 991 quem
547 911 630 992 quod
654 912 713 975 hoc
738 912 807 975 loco
832 911 1017 987 innitantur,
1042 916 1079 974 ut
1103 911 1141 974 ed
1170 911 1267 974 eccle-

123 1017 201 1080 siam
227 1017 276 1080 dei
300 1020 460 1081 transeant
484 1022 517 1081 et
541 1018 593 1099 qui
618 1021 689 1081 ante
712 1018 796 1082 intra
819 1018 954 1081 Iudaeae
978 1017 1129 1081 terminos
1149 1021 1268 1081 coarta-

121 1123 238 1187 bantm·
266 1128 417 1208 angustos
447 1124 486 1187 ad
514 1125 668 1206 populum
698 1124 747 1188 dei
776 1125 925 1208 migrent,
951 1124 1004 1206 qui
1029 1143 1064 1187 ex
1087 1126 1155 1188 toto
1181 1124 1265 1199 orbe,
1278 1134 1365 1188 51οΑ

123 1249 157 1293 ex
191 1231 338 1294 omnibus
372 1230 553 1295 nationibus
587 1235 619 1295 et
650 1231 777 1313 populis
811 1235 1024 1315 congregatus
1056 1231 1086 1293 in
1119 1250 1265 1313 magnam

121 1337 227 1401 factus
243 1340 293 1401 est
308 1342 460 1422 gentem?
481 1337 614 1418 denique
634 1337 669 1400 in
691 1357 833 1401 ornnem
854 1340 991 1402 terram
1012 1339 1134 1401 eriuit
1152 1358 1266 1402 sonus

81 1475 103 1511 ro
123 1462 259 1507 eorum.
296 1450 429 1509 uocatur
465 1463 538 1528 ergo
574 1465 591 1508 e
623 1443 697 1509 tiliis
731 1445 798 1508 suis
831 1444 936 1515 Iacob.
970 1445 1002 1508 id
1036 1449 1085 1509 est
1123 1465 1140 1509 a
1172 1445 1265 1510 Petro

42 1549 79 1614 83
120 1550 259 1615 Iohanne
283 1551 381 1615 Paulo
409 1554 547 1633 populns
576 1551 764 1615 Iudaeorum
787 1551 943 1615 inuitatur
965 1551 1004 1614 acl
1029 1552 1174 1634 gratiam.
1198 1552 1265 1634 ipse

122 1678 247 1740 quoque
281 1658 358 1722 deire
391 1662 498 1723 noster
529 1659 654 1740 proprio
689 1677 761 1721 eum
794 1658 938 1722 hortatur
966 1659 1102 1735 oraculo,
1133 1659 1268 1741 spondet-

124 1763 152 1826 ei
179 1763 356 1845 profectum
385 1764 458 1827 fidei
486 1765 625 1828 muneris
655 1764 703 1827 eui
732 1764 872 1828 fructum
906 1765 1012 1829 dicens
1047 1765 1095 1831 ei:
1129 1766 1265 1847 Ioseph

123 1869 254 1934 mittet
286 1889 432 1933 manum
467 1889 580 1952 super
613 1870 745 1935 oculos
777 1875 874 1936 tuos.
905 1890 965 1935 non
995 1871 1106 1952 utique
1135 1876 1264 1936 sanctus

83 2009 103 2045 o
122 1976 300 2058 patriarcha
329 1975 487 2041 sollicitus
517 1981 582 2040 erat
612 1996 629 2040 a
657 1996 718 2060 quo
748 1978 777 2042 ei
806 1978 889 2042 oculi
923 1978 1155 2049 clauderentur.
1188 1978 1265 2043 licet
1291 1989 1314 2042 B

123 2082 217 2145 etiam
250 2081 413 2146 intellectu
447 2081 584 2163 simplici
616 2082 746 2146 moralis
780 2083 971 2164 exprimetur·
1003 2083 1159 2147 adlectus.
1193 2103 1264 2148 nam

123 2189 150 2252 si
183 2207 237 2252 eos
271 2208 349 2271 quos
383 2187 547 2271 diligimus
576 2188 723 2270 cupimus
751 2190 931 2270 frequenter
958 2191 1118 2272 amplecti,
1148 2193 1263 2272 quanto

122 2295 224 2379 magis
248 2295 405 2359 recessuri
428 2314 464 2358 er
487 2296 547 2359 hoc
571 2287 699 2378 corpore
722 2296 791 2378 ipso
817 2315 957 2361 carorum
982 2297 1152 2380 pignorum
1175 2301 1264 2360 tectu

122 2401 315 2465 delectamur
344 2406 480 2466 extremo
511 2406 542 2466 et
565 2403 624 2467 hoc
648 2402 825 2466 mulcemur
847 2403 976 2467 uiatico.
1001 2406 1106 2466 tamen
1131 2403 1264 2486 mystice

80 2524 105 2564 eo
121 2507 197 2573 licet
215 2509 305 2573 nobis
324 2509 511 2592 intellegere
531 2509 616 2592 quod
634 2512 746 2591 postea
761 2509 946 2593 cogniturus
962 2510 1056 2574 deum
1071 2510 1114 2573 sit
1127 2510 1265 2591 populus

121 2614 321 2679 Iudaeorum.
360 2616 418 2680 hoc
456 2619 506 2680 est
542 2617 624 2679 enim
664 2616 863 2699 mysterium,
900 2617 984 2700 quod
1022 2636 1117 2681 uerus
1149 2616 1263 2698 Ioseph

121 2722 273 2785 immittet
300 2741 412 2785 manus
441 2741 535 2805 super
563 2724 672 2788 oculos
702 2723 780 2801 eius,
810 2727 846 2787 ut
874 2725 927 2805 qui
956 2743 1016 2787 non
1040 2724 1170 2787 uidebat
1193 2728 1264 2787 ante

121 2829 182 2892 iem
213 2828 328 2892 uideat.
359 2829 431 2892 ueni
460 2831 498 2892 ad
527 2830 738 2907 euangelium,
763 2832 834 2911 lege
859 2830 1125 2912 quemadmodum
1149 2849 1263 2894 caecus
1292 2843 1313 2898 0

120 2935 173 3000 ille
207 2939 336 2999 sanatus
365 2936 417 3007 sit,
448 2936 498 2999 cui
527 2937 616 3000 Iesus
646 2956 773 3000 manum
803 2937 946 3018 inposuit
974 2940 1005 3001 et
1034 2938 1102 3002 eius
1131 2938 1265 3002 abstulit

81 3057 105 3096 ²⁵
122 3042 316 3106 caecitatem.
333 3061 393 3106 non
410 3043 491 3106 enim
508 3042 669 3106 morituris
685 3063 812 3107 manum
825 3040 971 3108 Christus
986 3044 1120 3125 inponit,
1134 3045 1189 3108 sed
1201 3045 1264 3108 nic·

121 3149 1263 3232 turis‚autsimoriturisrecte,quiapriusmorimur,artreuiuiscamus3

121 3274 182 3320 non
207 3256 290 3319 enim
313 3274 486 3337 possumus
510 3255 568 3319 deo
592 3256 712 3332 uiuere,
736 3255 798 3319 nisi
825 3260 953 3337 peccato
983 3261 1055 3321 ante
1082 3258 1263 3322 moriamur.

210 3432 226 3483 9
245 3430 343 3483 Psalm.
363 3430 455 3484 XVIII
474 3435 489 3485 5
509 3430 585 3483 Rom.
608 3431 648 3493 10,
670 3432 702 3485 18
820 3433 852 3486 13
872 3432 939 3488 Gen.
960 3435 1002 3494 lo,
1022 3437 1039 3486 4
1152 3434 1186 3487 23
1206 3433 1263 3486 Ioh.

122 3520 145 3581 9,
166 3522 242 3588 6sq.
297 3521 507 3582 senonice

128 3669 131 3676 ·
158 3642 290 3696 liaciam
307 3646 337 3696 te
355 3641 396 3698 W*
452 3642 628 3728 Qsaendarn
649 3644 676 3696 B
695 3649 720 3709 (e
735 3661 780 3713 pr.
801 3661 834 3698 ee
851 3645 872 3711 i)
893 3644 1025 3699 descendo
1044 3645 1069 3696 V
1120 3644 1264 3697 derodere

121 3732 218 3785 nolunt
235 3731 309 3788 u⁴¹E
361 3733 430 3785 ded
449 3750 520 3786 ecam
541 3733 680 3786 ecclesiam
699 3733 733 3786 P
802 3733 818 3786 8
832 3737 866 3838 pt
883 3734 991 3803 populis
1011 3751 1060 3786 om.
1080 3734 1156 3794 alm,
1176 3750 1263 3802 popu-

121 3848 163 3900 las
183 3852 245 3912 (om.
266 3851 304 3912 et)
330 3847 356 3900 V
444 3849 476 3901 10
496 3847 523 3901 id
544 3854 584 3902 eet
603 3848 768 3902 BNVP‘P‘¹
787 3848 852 3918 quid
872 3850 959 3914 estP
982 3849 1092 3918 qniaD
1184 3852 1213 3903 ll
1236 3855 1264 3903 et

122 3938 201 4004 paulo
217 3937 260 3989 P¹'
314 3955 393 4006 pom
407 3937 434 3989 P
453 3942 479 3995 lo
499 3941 546 3991 m2
563 3937 594 3990 ia
611 3954 677 4004 raa,
696 3938 812 4008 populus
830 3939 862 3992 in
880 3956 929 4008 nep.
948 3942 1005 4003 ⁷222)
1046 3941 1079 3991 14
1096 3939 1222 3991 immittit
1241 3938 1266 3990 V

155 4024 301 4078 manusN
353 4027 386 4080 15
405 4026 570 4095 quonlam
590 4033 671 4092 eras.)
729 4029 760 4081 16
780 4028 933 4097 sinpliciB
990 4028 1264 4098 lilipsoPlos.e)

121 4114 154 4166 22
175 4118 256 4167 antea
274 4115 330 4167 ΡΙ)
401 4116 436 4168 23
456 4116 698 4186 quaemadmodum
717 4119 744 4170 B
763 4103 976 4186 quaeadmodum
997 4120 1023 4172 P
1043 4103 1089 4186 (ee
1104 4137 1136 4172 ea
1156 4135 1186 4171 ae
1206 4123 1262 4187 1122)

121 4203 154 4256 26
175 4202 585 4273 quiBF¹quialas.ie.)P
