2804 5168
160 676 226 739 330
636 669 833 722 Ambrosii

160 866 301 950 peccatis
330 885 363 930 se
392 863 553 929 existimat
580 862 724 927 adiuuari
752 862 886 944 ideoque
910 864 1029 926 exultat
1052 862 1083 926 iu
1108 862 1251 928 crimine.
1278 869 1314 928 at

159 992 235 1038 uero
273 971 398 1054 sapiens
436 971 606 1034 aduersum
640 988 673 1033 se
705 969 827 1033 indicat
858 988 928 1033 esse
961 950 1113 1034 celidrum
1146 988 1242 1034 suum
1278 975 1313 1036 et

158 1083 322 1161 tamquam
356 1077 490 1142 hostiles
524 1076 607 1141 acies
636 1075 681 1139 ita
707 1076 816 1159 lapsus
845 1078 1011 1160 culparum
1039 1095 1167 1140 suarum
1197 1077 1312 1142 aduer-

157 1186 298 1251 santium
326 1185 420 1250 modo
449 1183 511 1248 sibi
535 1173 711 1247 arbitratur
728 1183 894 1248 obsistere.
919 1183 1074 1266 quidquid
1096 1185 1310 1265 personuerit,

156 1292 313 1375 quidquid
340 1290 541 1374 increpuerit,
570 1290 665 1371 culpa
688 1290 717 1354 ei
739 1291 864 1374 propria
887 1309 1012 1374 semper
1034 1291 1189 1355 occurrit:
1216 1291 1309 1374 quid·
1341 1305 1353 1344 ⁵

159 1399 236 1481 quid
263 1399 358 1463 suerit
385 1399 507 1463 dietum
531 1400 587 1462 aut
610 1399 730 1462 lectum
754 1398 785 1461 iu
810 1417 844 1462 se
869 1398 991 1463 dictum
1014 1401 1124 1480 putat:
1150 1397 1309 1480 quidquid

156 1506 337 1583 intenderit,
367 1525 401 1570 ss
429 1508 519 1583 nutu,
549 1524 583 1568 se
612 1504 714 1569 oculis
743 1505 861 1588 signari
888 1508 991 1588 putat.
1025 1505 1052 1569 si
1085 1505 1244 1588 epuletur,
1279 1507 1308 1571 si

156 1613 286 1698 cogitet,
316 1612 343 1677 si
372 1616 439 1676 oret
468 1631 504 1677 ao
527 1612 723 1693 deprecetur,
748 1615 820 1676 ante
844 1613 954 1678 oculos
980 1613 1048 1677 eius
1073 1631 1198 1694 semper
1221 1633 1308 1679 error
1373 1623 1392 1680 c

155 1725 206 1785 est
233 1719 380 1802 proprius
405 1722 437 1782 et
459 1718 631 1782 momentis
655 1718 803 1783 omnibus
827 1719 923 1801 culpa
946 1719 1054 1802 pulsat
1078 1720 1306 1785 conscientiam

154 1846 213 1890 nec
238 1826 400 1908 quiescere
424 1844 479 1889 nec
504 1823 654 1889 obliuisci
678 1824 764 1889 sinit.
789 1825 880 1890 uelut
904 1829 1010 1910 grauis
1035 1844 1146 1890 censor
1165 1828 1307 1911 exagitat
1325 1843 1350 1882 1⁰

156 1952 191 1997 se
215 1937 332 1997 terrore
355 1938 519 2014 perpetuo.
544 1932 650 1996 omnia
672 1931 772 2015 igitur
794 1933 930 1997 aduersa
953 1933 1048 1998 habet
1069 1934 1125 2016 qui
1147 1933 1219 2017 ipse
1242 1935 1306 1999 sibi

156 2039 315 2121 displicet,
343 2038 412 2120 ipse
442 2039 491 2102 sui
520 2042 695 2116 accusator,
724 2039 792 2120 ipse
822 2040 873 2103 sui
897 2040 991 2104 testis
1016 2043 1074 2118 est,
1099 2059 1156 2104 uec
1181 2040 1306 2105 inuenit

155 2165 218 2228 quo
247 2146 351 2229 fugiat
380 2145 434 2227 qui
461 2144 530 2226 ipss
559 2164 592 2208 se
622 2148 770 2228 perurget
799 2150 831 2209 et
859 2146 1013 2211 stimulat.
1039 2146 1095 2210 sed
1118 2147 1178 2211 boc
1202 2147 1304 2213 bonae

154 2252 270 2316 mentis
300 2255 349 2317 est
377 2251 494 2315 uulnus
524 2251 640 2316 sentire
668 2252 800 2334 peccati.
829 2273 901 2317 uam
929 2255 983 2334 qui
1012 2256 1154 2336 expertes
1183 2253 1303 2319 doloris

155 2362 230 2422 sunt
252 2378 313 2423 non
337 2359 480 2422 sentiunt
503 2358 644 2421 uulneris
665 2358 878 2435 acerbitatem,
899 2359 983 2441 quod
1003 2363 1051 2424 est
1069 2360 1304 2434 inmedicabilis
1326 2380 1347 2417 1⁵

155 2465 381 2549 aegritudiuis:
408 2464 462 2546 qui
486 2468 593 2528 autem
617 2464 724 2528 dolore
748 2465 854 2546 atiquo
874 2470 1060 2550 punguntur
1078 2466 1164 2530 sicut
1182 2466 1302 2532 doloris
1363 2481 1386 2535 D

154 2591 251 2637 sensu
275 2591 336 2636 uon
362 2576 470 2636 carent
492 2572 538 2635 ita
562 2590 622 2635 uon
648 2575 755 2635 carent
778 2573 873 2636 etiam
899 2573 1044 2637 sanitatis
1068 2573 1224 2655 profectu.
1245 2576 1303 2640 ubi

155 2679 237 2743 enim
263 2679 381 2744 doloris
406 2698 518 2743 seusus
543 2678 587 2743 ibi
613 2678 708 2742 etiam
734 2698 847 2742 sensus
872 2684 921 2743 est
944 2680 1049 2756 uitae3
1074 2681 1191 2744 sentire
1215 2683 1299 2746 enim

153 2786 261 2850 uitalis
286 2786 405 2869 uigoris
431 2806 466 2849 ac
491 2785 629 2848 muneris
654 2791 712 2849 est.
737 2786 821 2849 unde
845 2790 877 2850 et
900 2787 953 2850 ille
974 2787 1027 2869 qui
1047 2806 1181 2851 errorem
1204 2807 1299 2852 suurn

152 2911 213 2955 non
244 2892 389 2974 agnoscit
416 2892 534 2955 insanit
558 2892 635 2956 furit
659 2893 786 2974 desipit,
812 2893 865 2975 qni
890 2897 995 2957 autem
1020 2894 1164 2976 agnoscit
1187 2895 1299 2978 utique
1318 2915 1344 2953 ao

152 3000 321 3079 resipiscit,
346 3017 405 3063 uon
430 2999 553 3081 respuit
572 2999 711 3063 remedia
731 3000 886 3077 sanitatis,
907 3000 962 3064 sed
983 3020 1016 3064 se
1035 3001 1104 3083 ipse
1123 3001 1298 3085 restringit.

152 3105 293 3188 paenitet
323 3123 395 3167 erim
419 3105 540 3186 culpas,
568 3105 605 3168 de
629 3105 697 3187 ipsa
723 3124 847 3186 semper
870 3106 990 3190 cogitat
1013 3111 1045 3169 et
1069 3107 1238 3190 cogitando
1264 3129 1298 3173 se

151 3211 220 3293 ipse
245 3209 449 3284 condemnat,
475 3209 612 3274 iustus
643 3215 749 3274 antem
777 3211 815 3274 in
844 3212 1067 3293 primordio
1096 3216 1296 3280 sermonis

242 3387 274 3440 15
295 3383 373 3438 Ouid.
394 3385 458 3438 Met.
477 3384 491 3437 I
513 3386 563 3438 120
619 3384 654 3438 23
673 3386 801 3439 Prouerb.
824 3387 865 3449 18,
886 3388 918 3440 li

189 3493 200 3544 1
223 3491 365 3544 erestimat
384 3490 448 3543 RB‘
550 3490 674 3543 adiuuari
694 3491 728 3557 (ri
747 3508 779 3544 ex
797 3497 836 3557 re)
856 3492 883 3545 B
982 3496 1010 3547 at
1029 3511 1062 3548 erc
1079 3493 1113 3548 ud
1133 3494 1160 3548 B
1179 3495 1215 3549 ud
1232 3495 1297 3550 RB'

150 3581 167 3633 3
186 3580 283 3633 hostiis
297 3579 361 3634 RB¹
376 3578 484 3632 hostilis
499 3579 552 3632 Ar*
624 3580 761 3649 culparum
781 3598 888 3633 suarum
907 3582 999 3652 lapsus
1013 3583 1058 3636 13⁴⁴
1112 3585 1129 3637 4
1148 3584 1201 3638 sibi
1216 3585 1295 3638 ruodo

153 3669 205 3724 OT
205 3674 211 3695 ¹
283 3669 471 3738 personauerit
490 3668 515 3720 R
535 3684 648 3736 persona
668 3669 767 3721 iuuerit
786 3670 821 3721 B‘
885 3673 901 3725 b
922 3670 1054 3740 quidquid
1069 3673 1126 3741 pr]
1147 3673 1213 3742 quid
1231 3674 1295 3729 RB·

184 3758 396 3827 perinerepuerit
415 3756 516 3810 P¹D¹0
578 3759 592 3807 7
614 3774 641 3808 sc
661 3762 728 3809 nutu
749 3775 777 3810 se
797 3758 925 3812 BP⁴D¹O
943 3777 1002 3813 sese
1020 3762 1093 3814 notis
1112 3762 1156 3814 1²¹³
1175 3779 1204 3816 se
1223 3765 1295 3817 uotis

150 3846 218 3899 (Ἥ
247 3848 318 3899 uotis
343 3863 371 3899 se
395 3845 425 3897 1)
453 3862 510 3898 sese
535 3844 608 3898 dotis
632 3847 747 3914 propriis
773 3852 834 3910 (om.
859 3848 955 3913 oculis)
984 3849 1015 3902 T'
1044 3867 1072 3903 se
1096 3851 1168 3924 notis
1192 3869 1221 3904 se
1247 3859 1294 3906 cci.

151 3937 181 3990 11
203 3934 250 3989 sed
270 3952 357 3988 errore
379 3935 406 3986 B
431 3952 459 3986 se
483 3938 584 3986 terrore-
607 3938 629 3997 (t
648 3934 678 3985 iu
702 3939 769 4001 ras.)
794 3936 828 3987 P‘
939 3937 971 3989 12
996 3939 1038 3991 sui
1055 3940 1111 4008 pr]
1138 3941 1191 3993 sibi
1214 3941 1294 3994 P⁴¹T'

150 4052 182 4105 13
198 4053 254 4120 qui]
277 4052 338 4119 quia
359 4049 465 4103 CDLT
483 4049 581 4118 quippe
603 4054 663 4114 (our.
684 4050 742 4119 ipse
762 4052 801 4111 sei
820 4051 847 4105 R
873 4054 971 4121 quippe
991 4053 1026 4105 B‘
1108 4072 1137 4108 se
1156 4059 1295 4127 perurget]

147 4144 294 4209 perurguet
316 4139 381 4192 CP¹‘
400 4154 428 4190 se
448 4140 547 4207 purget
565 4138 591 4189 A
612 4156 718 4207 semper
737 4146 815 4207 urget
837 4142 859 4194 O
920 4144 952 4195 14
973 4147 1013 4195 est
1032 4160 1083 4197 om.
1103 4144 1176 4198 P‘D'
1251 4163 1294 4199 ex-

148 4230 247 4298 perteis
267 4229 294 4282 R
316 4229 335 4281 (i
356 4232 437 4293 mus.)
454 4227 489 4277 B¹
547 4228 579 4279 16
600 4227 689 4296 aliquo
710 4228 802 4282 dolore
818 4229 874 4282 LT
876 4230 900 4282 T
901 4238 906 4254 ⁴
965 4233 996 4285 li
1018 4249 1097 4285 seusu
1111 4233 1151 4286 ita
1166 4235 1216 4299 (ita
1230 4252 1251 4288 s.
1267 4255 1293 4291 a,

147 4324 204 4381 0212)
220 4336 274 4372 non
294 4321 386 4370 carent
406 4333 459 4368 uon
480 4320 574 4367 carcut
594 4317 676 4368 etiam
695 4317 719 4368 T
736 4335 816 4370 sensu
835 4319 874 4371 ita
895 4321 975 4372 etiam
994 4338 1047 4374 non
1068 4327 1160 4375 carent
1174 4323 1200 4376 L
1215 4341 1295 4378 seusu

148 4412 240 4461 carent
259 4408 298 4459 itu
318 4407 401 4458 etiam
420 4404 448 4456 D
528 4406 559 4456 ‘21
582 4404 629 4456 sed
651 4409 681 4468 (a
704 4423 730 4458 u.
751 4412 807 4471 ruQ)
829 4425 856 4460 se
881 4409 905 4460 T
905 4413 911 4433 '
930 4425 958 4460 se
977 4409 1039 4477 (oua
1060 4410 1118 4475 sed)
1141 4411 1247 4476 CDB‘,
1267 4430 1295 4466 se

146 4515 197 4552 om.
218 4501 264 4549 cet.
339 4496 373 4546 ‘22
393 4493 532 4562 paeniteat
552 4494 644 4546 RR‘C
717 4496 1133 4567 ‘eaipsaRB¹Ae'1³“ipsau’
1203 4505 1294 4555 autem

146 4582 391 4638 JrP⁴n1¹D⁴Loer
412 4587 443 4646 (ε.
463 4598 490 4633 a.
510 4585 567 4649 m2)
592 4582 621 4643 T,
642 4598 692 4635 oria
713 4590 770 4639 cet..
791 4586 860 4637 euim
880 4605 904 4648 α,
926 4592 993 4640 recte
1006 4593 1077 4655 proto
