2804 5168
330 310 371 364 De
390 309 471 363 Iacob
490 308 518 362 11
537 313 562 376 5,
582 309 689 363 22-24
709 309 733 375 (Ι
751 311 803 364 465
823 307 934 363 Ε-466
952 308 995 374 Ε).
1208 311 1251 375 45

109 507 263 571 inanis:
300 510 574 588 persequatur
610 505 804 569 inimicus
843 506 1010 569 animam
1048 523 1170 569 meam
1213 506 1252 569 et

34 609 68 672 23
111 612 423 694 conprehendat.
448 632 540 677 nemo
566 631 640 696 ergo
665 631 700 675 er
724 612 863 676 inimicis
882 615 989 696 potest
1007 615 1096 676 tuam
1115 611 1251 674 animam

111 719 370 803 conprehendere,
406 719 469 782 nisi
502 718 589 801 prius
624 719 725 783 inanis
757 719 853 783 fuerit
890 719 1012 783 effecta.
1050 719 1115 783 noli
1152 718 1253 801 igitur

108 830 249 890 metuere
274 845 327 890 eos
352 825 405 909 qui
428 831 565 908 possunt
583 827 650 890 auri
670 826 855 909 argentique
876 827 1033 908 conpilare
1053 826 1251 890 thensauros.

81 932 163 997 sisti
185 932 265 997 nihil
288 932 347 996 tihi
371 934 528 998 auferunt.
553 933 613 997 hoe
637 934 717 997 enim
744 934 893 997 auferunt
915 931 1000 1015 quod
1021 952 1081 996 non
1101 931 1250 1008 habebas,
1276 930 1300 987 0

109 1040 168 1103 hoc
192 1039 340 1102 auferunt
363 1039 446 1121 quod
470 1038 631 1122 possidere
655 1058 716 1102 non
740 1043 876 1120 poteras,
901 1039 960 1102 hoc
991 1038 1138 1101 auferunt
1166 1035 1252 1117 quod

109 1164 168 1209 non
194 1145 326 1208 ornabat
350 1146 485 1209 animam
510 1149 609 1222 tuam,
634 1145 690 1209 sed
713 1146 873 1217 onerabat,
903 1145 963 1209 hoc
992 1143 1139 1208 auferunt
1168 1141 1253 1225 quod

110 1272 169 1316 non
189 1251 407 1334 locupletabat
426 1270 479 1315 cor
497 1255 600 1328 tuum,
621 1251 677 1315 sed
696 1252 804 1334 potius
825 1251 1040 1334 deprimebat;
1061 1250 1130 1313 ubi
1150 1249 1253 1312 enim

109 1357 236 1423 luerit
264 1357 515 1421 thensaurus
544 1359 650 1432 tuus
679 1357 736 1420 ibi
766 1357 845 1422 erit
869 1362 907 1421 et
931 1377 997 1422 cor
1019 1360 1142 1427 tuum,
1168 1356 1253 1420 sicut

72 1466 227 1530 mandisti
257 1465 321 1548 legi
355 1465 458 1528 horlie.
492 1464 585 1528 multi
619 1464 699 1528 seris
730 1467 893 1547 portarum
927 1483 1057 1528 suarum
1085 1463 1254 1527 includunt

110 1593 221 1637 aurum
250 1590 354 1648 suum,
384 1571 440 1635 secl
468 1571 500 1633 hi
530 1590 585 1634 nec
610 1571 757 1635 uectibus
781 1575 812 1634 et
836 1571 985 1635 claustris
1010 1570 1076 1635 suis
1101 1569 1250 1634 credunt:

110 1680 202 1744 multi
234 1679 350 1762 uigiles
384 1677 543 1741 adhibent.
577 1678 633 1741 sed
665 1678 728 1760 ipsi
761 1697 886 1760 quoque
918 1679 990 1760 plus
1022 1678 1111 1760 ipsos
1149 1678 1254 1741 solent

110 1787 221 1850 timere
246 1782 415 1848 custodes:
438 1783 532 1846 multi
557 1782 684 1847 defosso
709 1801 784 1846 auro
808 1783 976 1851 incubant:
1002 1802 1113 1847 aurum
1143 1802 1252 1846 eorum

111 1894 169 1957 suh
188 1896 272 1957 terra
291 1896 324 1954 et
343 1910 397 1954 cor
415 1910 523 1954 eorum
544 1889 602 1954 sub
623 1894 713 1954 terra.
736 1909 812 1953 caue
832 1909 906 1972 ergo
926 1911 965 1953 ne
985 1894 1016 1954 et
1035 1895 1070 1953 tu
1092 1909 1144 1954 cor
1162 1892 1253 1953 tuum
1271 1892 1300 1946 D

73 2023 93 2061 n
110 2005 210 2063 terrae
239 1998 335 2062 uiuus
363 1997 511 2061 infodias.
541 2015 601 2061 non
630 2016 704 2080 ergo
734 1996 801 2059 auri
833 1997 942 2061 istius·
960 1997 1123 2062 metuendi
1155 1998 1251 2069 fures,

111 2107 163 2170 ille
186 2105 247 2169 tihi
271 2104 431 2169 cauendus
456 2106 506 2166 est
528 2104 712 2179 faenerator,
732 2103 786 2183 qni
806 2104 1016 2168 substantiam
1037 2105 1160 2168 animae
1178 2107 1252 2167 tuae

111 2215 280 2276 serutatur.
310 2211 337 2274 si
366 2229 428 2291 qua
455 2209 578 2289 peccati
607 2208 761 2291 grauioris
791 2228 861 2272 nera
890 2209 1093 2288 contraxeris,
1122 2210 1176 2292 qui
1200 2228 1253 2272 cor

110 2325 202 2382 tuum
224 2316 362 2380 inclurlit
385 2316 463 2391 solo,
489 2315 542 2397 qui
567 2315 704 2378 animam
728 2320 816 2379 tuam
837 2335 872 2380 eo
893 2316 1033 2397 caespite
1053 2316 1168 2393 obruit,
1190 2334 1252 2398 quo

111 2445 223 2489 aurum
237 2423 363 2499 teneris,
381 2422 435 2504 qni
453 2425 591 2485 mentem
609 2426 698 2485 tuam
719 2423 963 2487 centesimarum
981 2423 1129 2487 incuruat
1147 2423 1253 2487 usuris

71 2535 143 2597 net
174 2531 264 2614 graui
298 2530 406 2594 condit
438 2529 615 2611 sepulchro,
649 2528 687 2593 de
717 2549 778 2612 quo
806 2530 914 2592 nullus
942 2529 1091 2613 resurgit.
1122 2549 1254 2612 sequere

112 2642 255 2703 sanctum
279 2636 384 2710 Iacob,
410 2637 464 2718 qui
488 2634 651 2720 nequede
676 2636 787 2700 alienis
811 2637 899 2700 uitiis
925 2636 1094 2718 quicquam
1119 2637 1256 2701 hahebat
1275 2638 1302 2693 E

112 2765 212 2827 neque
228 2764 357 2809 suarum
371 2742 527 2807 uirtutum
546 2745 612 2806 erat
629 2741 732 2805 inanis
752 2745 784 2806 et
803 2763 934 2821 uacuus,
955 2743 1009 2825 qui
1028 2746 1095 2806 erat
1112 2743 1255 2807 iustitiae

112 2853 215 2916 fructu
240 2851 392 2933 repletus.
1147 2902 1151 2911 ,

40 2949 72 3015 24
157 2957 218 3023 Serl
237 2957 315 3021 haec
334 2956 475 3032 moralia,
494 2956 574 3019 illud
593 2956 765 3038 mysticum
786 2957 870 3039 quocl
889 2958 978 3021 uenit
996 2958 1035 3022 ad
1051 2976 1124 3021 eum
1138 2956 1257 3035 Laban,

202 3200 335 3255 straten.
355 3202 380 3264 6,
400 3200 432 3254 21
521 3200 555 3252 24
574 3199 641 3253 Gen.
661 3200 704 3258 31.
724 3200 758 3252 25
779 3202 807 3252 et
825 3199 858 3253 33
878 3199 958 3252 Philo
979 3199 1011 3253 de
1031 3201 1090 3269 agri
1110 3200 1173 3254 cult.
1194 3201 1256 3254 Noc

114 3291 147 3345 10
167 3292 190 3345 ll
210 3291 271 3353 306,
290 3289 338 3359 42)

148 3416 165 3468 3
194 3414 297 3468 affecta
323 3413 350 3465 A
379 3417 411 3472 (a
438 3429 472 3466 ex
500 3430 516 3465 a
544 3430 577 3468 m.
607 3417 677 3478 aret.)
707 3411 804 3466 allecta
832 3413 860 3465 P
975 3415 991 3466 4
1020 3414 1162 3467 thesauros
1192 3416 1260 3469 libri

114 3507 129 3557 5
149 3504 200 3557 tibi
219 3504 247 3557 A
267 3503 306 3567 (bi
325 3519 346 3555 a.
365 3506 404 3563 ιι.)
512 3501 625 3554 habebis
646 3506 670 3554 A
696 3502 770 3566 (-has
789 3517 858 3556 corr.
878 3518 911 3554 m.
933 3509 1000 3566 ant,
1019 3519 1040 3556 a.
1062 3507 1108 3556 m2
1125 3504 1138 3555 l
1157 3504 1210 3568 his)
1231 3505 1260 3557 P

114 3594 129 3646 l
149 3591 300 3646 honerabat
318 3591 373 3643 ΑΡ
439 3592 456 3644 9
474 3590 616 3643 thesaurus
637 3590 701 3643 libri
770 3590 802 3643 10
820 3590 914 3644 multis
932 3590 1018 3643 APV
1035 3597 1060 3644 et
1080 3598 1103 3656 (s
1122 3593 1205 3661 eras.)
1224 3595 1258 3649 tt‘

149 3681 216 3735 seris
235 3680 263 3733 P
281 3686 304 3745 (s
318 3696 363 3748 pr.
383 3695 403 3732 a.
423 3696 450 3730 ιι.
471 3682 526 3743 m2)
548 3679 628 3730 serris
652 3677 677 3731 V
695 3682 719 3742 (r
732 3696 777 3746 pr.
797 3679 911 3748 esplll
1001 3679 1144 3733 includunt
1163 3697 1257 3734 aurum

113 3787 191 3824 suum
211 3771 290 3822 Am}
308 3773 333 3821 et
350 3785 371 3822 s.
391 3785 418 3822 ιι.
441 3766 465 3818 T
481 3767 607 3820 muniunt
624 3766 749 3820 fortunae
768 3783 892 3821 accessus
907 3768 991 3821 Am2
1010 3773 1042 3833 (a.
1062 3767 1101 3838 ιι.)
1120 3769 1145 3821 T
1180 3772 1214 3822 14
1226 3775 1257 3823 tu

116 3861 203 3929 &cor
221 3858 248 3910 A
332 3858 363 3911 15
382 3856 462 3909 iatius
481 3859 544 3908 sunt
565 3859 639 3919 (sunt
656 3872 677 3909 s.
696 3860 735 3921 ιι.)
754 3856 884 3909 Ρηι2Τ
965 3859 997 3912 16
1017 3858 1154 3928 fenerator
1178 3858 1264 3912 VDE

114 3949 251 4002 fenerator
270 3952 317 4000 cet.
365 3946 397 3999 18
417 3945 518 4015 cespite
539 3946 604 3999 libri
650 3946 683 3999 19
702 3948 926 4000 centensimarum
946 3948 971 4004 al
1026 3948 1150 4001 incursat
1170 3949 1258 4003 usuris

113 4037 198 4090 APT
215 4037 340 4089 incuruat
359 4033 473 4087 tesauris
496 4033 524 4086 V
538 4033 578 4103 (te
596 4049 617 4090 s.
637 4052 664 4088 ιι.
683 4038 740 4098 m2)
760 4035 909 4089 incuruatis
928 4037 999 4089 auris
1018 4037 1042 4091 ll
1060 4036 1197 4106 (incursas
1216 4041 1258 4090 te-

114 4125 202 4179 sauris
221 4128 277 4190 m3)
297 4124 328 4178 ‘b'
349 4127 407 4186 (m2
425 4124 550 4176 incursat
566 4124 695 4193 tesauris)
714 4124 838 4177 incursat
856 4125 991 4177 thesauris
1010 4125 1085 4182 ll“E
1145 4127 1179 4179 20
1195 4142 1257 4179 con·

115 4214 163 4268 det
183 4216 208 4266 A
230 4218 261 4273 (a.
281 4217 328 4265 m2
345 4213 359 4265 l
376 4213 409 4271 itt
428 4213 455 4264 P
474 4212 522 4279 r-it
539 4216 596 4279 ηιξ.)
670 4229 809 4282 sequeure
828 4214 867 4283 (re
886 4220 968 4282 eras.)
988 4215 1015 4266 A
1070 4215 1105 4268 24
1123 4213 1220 4279 labant
1233 4215 1262 4269 A
