2804 5168
380 292 421 344 De
440 291 520 345 Iacob
540 291 567 345 II
586 296 611 354 u,
631 292 675 345 37.
694 291 728 344 38
765 291 789 360 (l
807 291 858 344 471
879 290 991 343 E-rra
1011 289 1052 355 Ε).
1243 294 1285 356 55

140 493 303 570 tamquam
329 488 362 551 in
391 486 559 570 sepulchro
589 505 703 569 corpus
732 485 913 567 relinquens
942 480 1118 550 adsurrexit
1140 485 1171 549 in
1197 505 1229 548 se
1254 487 1286 549 et

138 595 230 679 longe
260 594 299 658 ab
329 593 400 658 aliis
430 597 525 674 atque
553 594 635 657 intra
664 595 765 656 semet
793 593 898 675 ipsum
924 611 995 656 sese
1020 592 1174 676 colligens
1199 611 1285 674 prae·

138 702 281 767 sentibus
306 720 339 765 se
365 701 459 765 rebus
484 699 677 764 subduxerat
697 701 729 763 et
746 699 995 764 nouissimorum
1015 699 1138 762 dierum
1157 699 1284 762 futurae

136 808 331 874 miscebatur
350 807 457 871 aetati.
478 807 524 870 sic
545 806 627 870 enim
648 806 889 888 scriptumest:
911 805 1161 869 adnuntiabo
1181 804 1285 886 inquit

103 914 255 979 anobis
292 933 392 995 quae
427 933 653 978 occursura
685 916 782 977 sunt
815 913 932 978 uobis
964 912 1003 976 in
1036 912 1283 977 nouissimis

135 1021 292 1086 diebus.

36 1127 85 1189 38
179 1127 265 1208 Quid
294 1128 393 1211 igitur
421 1127 451 1191 ei
479 1127 596 1204 deerat,
626 1127 677 1190 cui
707 1127 785 1191 deus
815 1126 932 1199 aderat,
962 1126 1015 1208 qui
1045 1125 1074 1189 ei
1102 1125 1282 1208 profecturo

134 1234 268 1299 dixerat:
288 1234 678 1299 descendamtecum
698 1234 736 1297 in
756 1233 994 1318 Aegyptum,
1016 1236 1055 1296 et
1074 1251 1145 1316 ego
1166 1232 1282 1296 dedu-

133 1362 216 1406 cam
241 1345 280 1406 te
304 1342 341 1405 in
367 1345 639 1423 perpetuum?
664 1361 722 1404 nec
747 1341 858 1418 defuit,
884 1339 1008 1422 quaudo
1033 1340 1064 1403 in
1089 1359 1125 1404 eo
1151 1342 1281 1405 sanctus
1306 1340 1327 1398 c

86 1471 113 1510 ro
134 1449 267 1530 spiritus
297 1449 497 1530 loquebatur.
528 1448 599 1530 quis
627 1451 693 1512 tam
722 1452 835 1530 potens
864 1447 894 1510 iu
921 1466 978 1511 suo
1004 1445 1164 1510 domicilio
1189 1465 1282 1526 quarn

132 1555 194 1620 iste
226 1555 256 1618 in
286 1554 415 1619 alieno?
445 1555 516 1637 quis
545 1559 611 1619 tam
636 1555 798 1620 abundans
822 1555 854 1619 in
879 1555 1023 1619 ubertate
1049 1572 1143 1635 quam
1166 1553 1227 1616 iste
1251 1553 1282 1616 in

131 1663 242 1727 fame?
272 1663 342 1744 quis
371 1666 437 1726 tam
466 1662 557 1726 fortis
583 1663 613 1725 in
637 1662 807 1726 iuuentute
831 1681 925 1744 quarn
948 1661 1010 1725 iste
1035 1660 1066 1723 in
1090 1663 1282 1724 senectute?

133 1769 205 1852 quis
235 1773 301 1834 tam
329 1775 481 1834 actuosus
511 1770 540 1832 in
570 1770 695 1851 negotio
726 1789 821 1850 quam
849 1769 911 1832 iste
940 1767 971 1831 in
1000 1765 1092 1832 otio?
1120 1767 1191 1849 quis
1216 1770 1281 1830 tam

132 1877 226 1943 uelox
255 1877 286 1940 in
315 1877 473 1942 curriculo
503 1896 598 1958 quarn
626 1877 686 1939 iste
712 1877 742 1939 in
766 1875 911 1939 lectulo?
937 1874 1007 1956 quis
1030 1877 1097 1938 tam
1120 1874 1225 1938 laetus
1249 1875 1281 1938 in

85 2005 111 2045 rs
131 1984 209 2049 flore
238 1984 472 2048 adulescentiae
502 2003 595 2064 quam
625 1983 686 2046 iste
715 1981 746 2045 in
774 1982 888 2046 mortis
917 1981 1078 2046 confinio?
1112 1981 1183 2063 quis
1216 1985 1281 2044 tam

135 2090 225 2155 diues
255 2091 285 2154 in
315 2109 412 2174 regno
442 2110 536 2173 quam
566 2090 627 2154 iste
656 2089 686 2152 in
716 2089 881 2172 peregrino
910 2088 1007 2152 loco?
1031 2087 1165 2169 denique
1188 2106 1280 2171 reges

132 2197 349 2262 benedicebat.
370 2216 426 2260 nec
446 2197 591 2260 inmerito
612 2216 731 2278 pauper
745 2215 807 2259 non
828 2197 905 2271 erat,
926 2194 979 2276 qui
999 2194 1087 2259 nullo
1107 2192 1279 2278 indigebat.

133 2322 253 2388 pauper
276 2323 337 2368 non
363 2306 438 2380 erat,
464 2302 518 2384 qui
542 2321 577 2366 se
600 2321 770 2384 pauperem
796 2321 856 2364 non
881 2301 1024 2382 putabat.
1049 2299 1176 2382 etquis
1204 2310 1325 2380 pau-1)

133 2430 239 2492 penem
259 2410 354 2485 dicat,
368 2409 459 2474 cuius
475 2408 714 2473 concrematione
730 2408 846 2491 dignus
862 2407 946 2472 orbis
961 2412 1116 2470 terramm
1131 2426 1191 2470 non
1207 2406 1279 2484 fnit,

84 2539 113 2580 eo
135 2519 166 2580 et
189 2515 260 2580 ideo
285 2516 482 2580 conuersatio
508 2515 576 2580 eius
602 2515 723 2580 eratin
749 2515 857 2578 caelo?
882 2513 934 2577 hio
958 2532 1033 2577 uero
1057 2511 1223 2595 praediues
1247 2513 1279 2576 iu

133 2622 255 2688 diuitiis
289 2622 506 2706 simplicitatis
540 2628 572 2686 et
605 2621 807 2697 sinceritatis,
841 2620 973 2684 decorus
1006 2618 1125 2683 maiore
1158 2618 1280 2682 animae

132 2749 227 2811 quam
248 2729 387 2810 corporis
406 2728 653 2810 pulchritudine,
674 2747 754 2810 quae
773 2745 965 2792 marcescere
986 2745 1046 2789 non
1061 2723 1161 2801 nouit,
1177 2728 1280 2789 aetate

131 2836 265 2919 inpiger,
291 2835 342 2899 cui
365 2835 486 2908 liceret,
512 2855 583 2899 cum
608 2835 717 2910 uellet,
743 2852 891 2917 corporeo
915 2833 977 2897 isto
1002 2831 1084 2895 exire
1111 2832 1279 2915 gurgustio

133 2946 164 3006 et
187 2961 323 3024 superna
345 2942 483 3023 paradisi
506 2942 623 3006 mentis
648 2943 757 3025 uigore
784 2943 957 3023 penetrare.
982 2938 1125 3002 exultans
1155 2937 1279 3019 spiritu,

87 3071 113 3110 a
132 3068 204 3113 cum
229 3049 389 3129 sepulchri
415 3052 553 3112 extrema
576 3049 748 3113 mandaret.
774 3067 835 3112 non
854 3047 938 3111 euim
957 3051 1079 3110 terreno
1102 3065 1135 3110 se
1154 3046 1279 3110 tumulo
1301 3056 1323 3110 Ε

132 3154 354 3232 claudendum,
379 3156 436 3219 ned
460 3175 596 3239 superno
619 3155 836 3239 recipiendum
862 3153 1021 3219 domicilio
1046 3152 1278 3237 praesumebat.

132 3266 163 3326 et
195 3261 266 3326 ideo
298 3267 462 3344 tamquam
500 3262 590 3326 alteri
628 3261 798 3325 mandabat
835 3260 1050 3342 sepulchrum,
1084 3261 1134 3325 sui
1173 3263 1278 3323 autem

132 3388 262 3434 securus
304 3374 439 3432 mortem
481 3368 569 3432 illam
616 3367 877 3430 inmortalitatem
923 3367 1065 3450 putabat.
1112 3366 1280 3432 uidebatur

131 3476 270 3556 corporis
294 3475 465 3556 inplicatus
488 3474 715 3556 impedimento
740 3477 772 3537 et
795 3473 944 3556 uigilanti
961 3473 991 3537 in
1012 3475 1119 3537 futura
1137 3475 1279 3552 tempora

218 3717 322 3772 dGen.
343 3718 420 3779 49,1
479 3716 680 3778 asennaa
738 3718 770 3771 16
790 3717 856 3772 Gen.
877 3717 955 3781 47,7
1011 3717 1182 3786 20Phi1ipp.
1202 3716 1278 3775 3,·20

131 3807 164 3860 27
185 3805 371 3871 Gen.49,29

140 3946 143 3954 '
164 3932 182 3985 4
202 3931 301 3986 aetatis
322 3931 398 3987 APll
422 3937 446 3985 et
471 3936 494 3996 (s
513 3937 595 3995 crae.)
615 3932 647 3987 91¹
740 3931 756 3984 5
780 3947 922 3984 occursura
940 3930 967 3982 A
992 3935 1022 3995 (s.
1046 3933 1093 3983 ma
1110 3929 1123 3981 l
1143 3929 1274 3993 occursui)

132 4020 164 4074 10
182 4019 294 4089 spiritus
314 4023 422 4072 sanctus
446 4019 506 4072 VN
588 4021 718 4088 qur-stam
737 4020 764 4072 P
828 4020 857 4074 ll
880 4017 1023 4086 aebertate
1042 4018 1069 4070 A
1131 4018 1163 4071 15
1183 4016 1275 4070 aclulo·

129 4109 249 4162 scentiae
268 4109 325 4165 uu
346 4107 545 4162 adolescentiae
564 4115 611 4162 cet.
704 4109 737 4163 18
757 4109 816 4178 quis
835 4126 895 4162 eum
915 4124 1060 4178 pauperem
1074 4104 1101 4160 A
1122 4111 1193 4171 (eum
1211 4122 1231 4158 s.
1246 4123 1274 4158 u.

129 4202 185 4266 mt’)
205 4198 231 4252 T
283 4198 318 4251 23
336 4198 479 4267 gurgurtio
498 4201 524 4253 A
543 4199 623 4268 (corr.
643 4202 700 4266 m2)
756 4200 791 4253 24
809 4199 936 4269 paradysi
955 4200 981 4252 A
1001 4202 1042 4267 (ra
1059 4215 1080 4251 s.
1100 4204 1140 4264 a.)
