2804 5168
150 672 214 735 378
605 669 832 738 [Ambrosii]

150 864 259 948 uirgo
285 864 320 927 iu
345 868 454 928 utero
480 864 646 946 accipiet
670 866 707 927 et
730 863 856 944 pariet
873 862 1016 940 filium,
1039 866 1075 927 et
1094 864 1304 931 uocabitur

150 990 279 1036 nomen
318 971 400 1035 eius
437 970 697 1044 Emmanuhel,
736 970 821 1051 quod
856 970 1082 1051 interpretatur
1115 972 1298 1036 ‘nobiscum

150 1079 266 1142 deus‘?’
300 1077 457 1158 quomodo
491 1077 588 1160 legit:
619 1095 702 1141 ecce
733 1078 795 1159 qui
824 1078 1007 1158 loquebar
1034 1077 1190 1144 adsum?
1221 1099 1300 1162 quo·
1362 1084 1386 1138 Ε

149 1185 243 1248 modo
264 1188 369 1247 autem
391 1185 511 1247 lectum
531 1183 667 1248 adserit:
694 1201 778 1247 ecce
803 1184 905 1247 sicut
927 1184 1110 1266 panthera
1134 1188 1171 1249 et
1194 1185 1302 1250 sicut

151 1310 262 1354 ursus
295 1292 493 1374 aporiatus
527 1308 719 1355 occurram
752 1290 833 1355 eis?
867 1291 917 1354 dei
950 1309 1023 1373 ergo
1056 1291 1141 1356 tilius
1171 1311 1300 1358 carnem
1333 1318 1346 1357 a

151 1398 311 1480 suscipere
348 1417 409 1461 non
447 1397 554 1479 potuit
591 1416 646 1479 pro
684 1397 900 1478 redemptione
939 1397 1090 1474 omnium,
1128 1416 1202 1462 cum
1236 1400 1300 1482 ipsi

150 1525 264 1588 negare
288 1505 497 1587 nonpossint
521 1504 605 1586 quod
628 1523 684 1585 pro
706 1506 885 1568 nostrornm
911 1504 1068 1586 supplicio
1094 1509 1300 1587 peccatorum

151 1613 310 1677 adfectum
339 1612 494 1694 quendam
524 1611 602 1675 deus
631 1611 749 1675 ferinae
777 1611 975 1676 crudelitatis
1005 1611 1152 1688 induerit,
1182 1613 1302 1695 utqui

152 1723 262 1783 natura
285 1719 357 1801 pius
382 1722 432 1782 est
455 1722 487 1782 et
510 1718 690 1783 misericors
714 1721 892 1782 nostromm
917 1721 1021 1781 tamen
1042 1702 1198 1782 scelerum
1218 1723 1302 1784 atro·

152 1827 247 1890 citato
268 1828 433 1888 conmotus
454 1824 602 1889 adsumat
620 1825 651 1887 in
672 1843 728 1888 nos
744 1824 899 1906 quandam
916 1824 1083 1888 saeuitiam
1097 1825 1301 1890 bestiarum?
1319 1850 1345 1888 ro

109 1949 148 2011 31
198 1931 260 1996 Sed
296 1932 360 1995 iam
398 1932 472 2012 qnia
509 1935 540 1996 et
573 1932 735 2012 superiore
766 1931 816 1994 die
850 1934 882 1995 et
913 1932 1006 1995 hodie
1039 1931 1168 1996 Iudaeis
1199 1934 1301 1998 tantis
1362 1936 1383 1990 F

153 2057 341 2119 responsum
371 2037 513 2114 arbitror,
544 2036 627 2118 apud
655 2056 713 2100 uos
742 2037 831 2111 milri,
856 2040 967 2101 fratres
992 2037 1205 2115 dilectissimi,
1230 2059 1302 2122 pro·

153 2144 271 2228 phetici
299 2144 376 2207 facti
404 2145 483 2208 ratio
513 2143 701 2225 praestanda
729 2146 785 2208 e'st.
814 2145 929 2207 etenim
955 2144 1189 2225 cumprimum
1214 2145 1300 2228 lege-

152 2254 239 2315 retur
262 2250 314 2314 hic
337 2251 452 2332 psalmi
476 2250 602 2323 titulus,
629 2249 712 2331 quod
737 2251 859 2313 uenerit
882 2249 1005 2314 Nathan
1030 2250 1069 2313 ad
1088 2251 1204 2327 Dauid,
1226 2271 1300 2316 cum

153 2357 285 2421 intrauit
313 2358 352 2421 ad
375 2357 542 2432 Betsnhoe,
574 2356 711 2420 diximus
740 2357 894 2438 plurimos
923 2357 1002 2422 serie
1026 2356 1122 2421 huius
1146 2356 1300 2422 historiae
1319 2383 1345 2424 rs

153 2465 277 2540 offendi,
316 2467 348 2527 et
384 2464 454 2527 ideo
493 2469 663 2527 tractatum
701 2464 769 2527 eius
809 2464 1048 2546 adsumpsimus
1099 2464 1297 2547 tripertitum

154 2572 406 2652 diuisionemque
434 2575 588 2634 tractatus
617 2572 662 2634 ita
689 2571 801 2652 putaui
830 2590 900 2634 esse
927 2570 1115 2647 faciendam,
1144 2575 1182 2635 ut
1215 2572 1300 2654 apud
1344 2574 1392 2629 118

154 2681 288 2762 gentiles
322 2680 433 2760 lapsus
467 2678 661 2742 condicionis
694 2697 754 2740 non
787 2680 963 2760 negaretur,
997 2677 1147 2742 correctio
1186 2666 1324 2743 erroris⁸

154 2784 379 2862 adstrueretur,
410 2785 493 2867 apud
520 2785 656 2849 ludaeos
685 2787 791 2848 autem
815 2784 885 2848 ideo
908 2784 1034 2867 lapsum
1058 2804 1128 2850 esse
1153 2789 1298 2850 sanctum

156 2892 258 2955 Dauid
288 2892 485 2967 doceremus,
514 2910 552 2954 ne
577 2892 714 2973 amplius
740 2891 928 2956 Iudaeorum
952 2891 1084 2974 perfidia
1107 2892 1302 2957 claudicaret
1319 2914 1346 2952 ro

156 3018 290 3077 eumque
327 2998 382 3060 uel
419 2997 469 3060 dei
505 2998 606 3061 lilium
645 2997 824 3061 desinerent
859 2999 994 3072 credere,
1029 3017 1123 3079 quem
1154 2998 1302 3063 uiderent

155 3104 315 3167 communi
340 3104 523 3169 condicione
549 3105 716 3168 obnoxium
741 3105 841 3168 luisse
865 3111 1005 3187 peccato,
1031 3104 1201 3171 Christiani
1225 3125 1300 3170 uero

156 3212 315 3291 surgentis
340 3211 491 3274 ecclesiae
515 3212 667 3294 mysteria
691 3211 816 3294 possint
835 3212 1007 3275 aduertere.
1027 3211 1186 3294 tripertita
1203 3213 1303 3296 igitur

156 3315 271 3379 diuisio
287 3317 371 3380 tacta
390 3320 448 3393 est,
469 3337 531 3381 uua
551 3318 726 3381 secundum
745 3321 899 3394 naturam,
919 3318 981 3380 alia
1000 3319 1175 3382 secundum
1193 3319 1300 3397 fidem,

243 3526 259 3578 3
278 3524 348 3577 Esai.
368 3527 411 3589 52,
431 3527 446 3578 6
501 3527 518 3579 4
539 3524 607 3579 osee
629 3527 669 3589 13,
690 3527 704 3579 7
725 3544 765 3594 sq.

193 3670 204 3721 l
225 3669 253 3721 in
273 3671 349 3722 utero
369 3669 485 3737 accipiet
506 3670 529 3721 Τ
529 3668 586 3722 BN
604 3670 719 3737 accipiet
739 3669 883 3738 (concipiet
903 3671 939 3739 P)
957 3671 984 3722 in
1005 3673 1081 3723 utero
1101 3676 1147 3725 oct.
1208 3668 1224 3720 2
1245 3688 1300 3724 ern·

156 3759 281 3811 manuhel
313 3758 338 3811 Τ
364 3764 389 3810 ot
419 3758 447 3822 lh
474 3774 495 3810 s.
524 3775 551 3810 u.
581 3762 637 3823 rn2)
672 3758 702 3810 Τ
732 3760 883 3812 emmanuel
912 3765 957 3813 ccl.
1068 3763 1111 3813 est
1137 3760 1299 3830 interpreta-

155 3853 211 3900 tum
232 3848 330 3899 BPB‘
351 3853 392 3900 ost
413 3854 474 3912 (ona
494 3847 699 3916 interpretatur)
719 3847 753 3900 Ρ*
852 3849 867 3900 3
888 3865 937 3916 ego
959 3849 1004 3916 qui
1023 3847 1153 3916 loquebar
1172 3865 1233 3903 eece
1252 3849 1300 3902 ad-

156 3953 213 3988 sum
238 3935 303 3997 DN,
321 3937 392 4002 sort.
417 3942 487 3989 rorte
577 3937 593 3988 6
617 3937 674 4006 ipso
701 3937 727 3989 Τ
821 3939 835 3990 7
860 3941 1012 3990 nostrornm
1037 3941 1063 4001 (o
1088 3938 1138 3991 alt.
1163 3954 1197 3992 ca>
1222 3948 1247 3999 a)
1278 3938 1303 3991 T

156 4053 172 4104 9
192 4005 334 4104 11110ίὶ11111·
354 4008 484 4104 credemur
507 4051 531 4104 Τ
601 4053 633 4105 10
652 4053 691 4120 inl
713 4058 740 4105 et
758 4053 885 4115 BDPM,
904 4054 932 4105 in
952 4070 1000 4106 nos
1020 4070 1070 4107 orn.
1090 4052 1126 4106 P‘
1195 4055 1227 4108 11
1247 4055 1300 4107 ianr

156 4141 219 4210 quia
239 4141 277 4208 et]
298 4140 351 4192 ianr
372 4145 399 4193 et
418 4141 447 4192 1)
466 4141 518 4192 iarn
539 4140 601 4208 quia
619 4142 689 4194 B‘P
710 4142 773 4209 quia
791 4143 843 4194 ianr
864 4146 891 4195 et
909 4142 972 4194 Pl!
1055 4143 1140 4196 tantis
1162 4143 1216 4197 TN
1234 4144 1301 4196 salis

157 4234 202 4283 cet.
297 4230 329 4281 1⁵2
358 4228 454 4281 iratres
475 4228 644 4281 dilectissimi
664 4230 805 4294 (carissimi
824 4234 851 4300 χ)
872 4230 937 4283 mihi
956 4231 1038 4302 χΡΜ
1126 4232 1158 4286 15
1186 4231 1301 4284 intraret

162 4318 185 4370 Τ
186 4318 229 4369 ‘P‘
303 4316 432 4369 betsabee
457 4316 481 4368 Τ
498 4316 645 4368 bethsabee
664 4323 712 4370 cet.
794 4319 872 4371 huius
892 4319 1021 4372 historiae
1040 4318 1141 4374 oflendi
1160 4318 1301 4379 (offerendi

158 4405 198 4471 Ν)
218 4406 273 4458 TN
292 4404 422 4456 historiae
441 4404 522 4456 huius
543 4405 671 4458 conlundi
690 4413 737 4459 ccl.
794 4406 826 4459 18
846 4408 978 4476 correptio
996 4408 1090 4461 DPM
1136 4408 1171 4462 20
1190 4407 1302 4477 perfidia

158 4493 353 4546 iudaeorumh'
410 4494 443 4546 9⁸2
463 4493 546 4545 luisse
566 4511 616 4547 orrr.
632 4494 654 4546 X
728 4494 880 4548 christianis
900 4496 1051 4562 (christiani
1066 4496 1140 4564 ΒΤ)
1158 4513 1223 4550 uero
1238 4513 1299 4565 sug·

158 4585 282 4651 gerentes
302 4582 419 4635 DXPJI
471 4583 504 4635 23
525 4583 631 4650 possint
652 4583 710 4636 TN
724 4601 864 4653 possumus
883 4585 921 4637 M
937 4586 1070 4654 possimus
1089 4592 1136 4640 cet.
