2804 5168
4 11 1268 287 m

77 668 138 731 XII
539 662 764 717 Praelatio.

77 859 152 923 bino
177 857 389 923 dedicauerat.
404 858 428 942 ¹)
453 875 489 921 ac
513 875 587 921 sane
606 856 810 921 memorabile
830 860 879 921 est
898 856 1102 922 Ambrosium
1122 858 1230 939 ipsum

78 967 162 1029 huuc
186 965 331 1028 libellum
360 967 391 1029 et
419 963 574 1027 breuitate
603 966 635 1027 et
663 964 887 1029 commoditate
912 965 1050 1029 habilem
1075 965 1229 1030 orationis

78 1071 244 1156 fingendae
273 1073 306 1135 et
334 1070 489 1135 ornandae
514 1089 610 1133 causa
634 1069 803 1153 diligenter
826 1071 998 1136 euoluisse.
1023 1090 1095 1134 cum
1121 1074 1229 1136 autem

77 1177 275 1260 probabilius
305 1178 347 1242 sit
375 1181 519 1260 excerpta
546 1177 602 1240 illa
630 1196 665 1240 er
690 1176 871 1260 Symmachi
900 1179 1039 1242 oratioue
1067 1177 1105 1240 ad
1130 1177 1231 1242 'lireo-

78 1285 205 1349 dosium
224 1283 409 1367 Augustum
433 1283 542 1347 habita
566 1303 646 1365 quae
671 1282 754 1366 apud
773 1284 928 1348 Messium
953 1284 1103 1368 leguntur
1120 1283 1230 1367 potius

78 1411 115 1455 er
129 1390 317 1474 panegyrico
334 1390 414 1455 eius.
426 1410 487 1472 quo
499 1390 681 1472 imperatori
697 1409 751 1472 pro
768 1392 936 1455 consulatu
948 1409 974 1454 a.
987 1389 1229 1456 CCCLXXXXI

78 1494 1229 1581 sibidelatogratiasegit‚quamerapologeticoquoa.CCCLXXXVHI

78 1607 210 1667 exeunte
235 1622 269 1668 se
294 1603 424 1667 crimine
447 1603 629 1687 panegyrici
653 1604 683 1667 in
707 1604 836 1668 Maximi
869 1604 1018 1667 honorem
1047 1603 1124 1667 dicti
1156 1622 1228 1685 pur-

78 1729 152 1793 gare
167 1709 302 1786 studuit,
319 1710 434 1773 hausta
453 1729 533 1787 esse,
547 1708 572 1795 2)
592 1711 732 1793 proxime
751 1710 790 1774 ad
810 1729 920 1774 nerum
935 1709 1082 1773 accedere
1099 1707 1229 1771 uidetur

79 1816 190 1880 llessii
221 1816 339 1880 librum
372 1836 432 1881 non
462 1817 563 1881 multo
591 1820 666 1898 post
693 1835 808 1880 aunum
839 1815 1077 1882 CCCLXXXXI
1105 1814 1227 1879 editum

78 1941 179 2005 neque
198 1924 293 2005 longo
313 1922 465 2004 temporis
486 1922 653 1986 interuallo
674 1923 712 1987 ab
733 1941 769 1986 eo
788 1922 933 1987 libellum
954 1922 992 1986 de
1012 1922 1089 2005 fuga
1107 1921 1229 1986 saeculi

77 2030 258 2093 seiunctum
282 2026 401 2111 esse.³)
436 2047 596 2092 sermones
631 2028 674 2093 de
708 2028 1051 2111 interpellatione
1084 2027 1154 2092 Iob
1189 2030 1228 2091 et

79 2134 209 2198 Dauid
233 2135 370 2198 hlaurini
390 2153 469 2199 auno
490 2133 732 2200 CCCLXXXIH
752 2134 975 2198 adscribendos
993 2152 1063 2197 esse
1087 2136 1227 2200 censent.

79 2241 197 2304 etenim
239 2260 318 2305 anno
357 2244 440 2305 certe
479 2240 744 2317 CCCLXXXVII,
783 2260 844 2321 quo
883 2240 1054 2305 Theodosii
1095 2240 1227 2322 eiusque

78 2346 217 2411 familiae
252 2347 408 2430 imagines
445 2347 476 2410 in
513 2348 659 2430 populari
697 2347 852 2411 seditione
887 2347 924 2410 ab
956 2346 1228 2412 Antiochensibus

78 2472 208 2518 euersae
237 2457 321 2530 sunt,
351 2453 529 2536 superiores
559 2472 612 2518 eos
642 2473 721 2531 esse,
747 2474 818 2518 cum
847 2473 884 2518 ea
911 2473 991 2536 quae
1016 2454 1090 2530 262,
1118 2456 1159 2518 10
1183 2454 1225 2518 1ε-

79 2565 210 2642 guntur:
230 2559 314 2623 ‘uide
334 2560 600 2642 quemadmodum
620 2560 649 2623 in
671 2560 856 2624 ciuitatibus
875 2559 1029 2624 honorum
1047 2559 1225 2642 principum

78 2666 231 2750 imagines
255 2669 468 2748 perseuerent,
492 2666 655 2731 deleantur
677 2666 832 2750 imagines
855 2669 1069 2749 tyrannorum‘
1094 2666 1132 2730 ab
1151 2669 1226 2731 Am·

78 2773 194 2838 brosio.
220 2793 362 2837 summae
394 2773 579 2856 prudentiae
611 2773 691 2850 uiro,
714 2775 789 2855 post
820 2773 903 2836 hunc
933 2792 1048 2836 annum
1077 2773 1139 2836 dici
1164 2793 1225 2838 non

77 2878 247 2962 potuerint,
271 2898 309 2943 ne
342 2879 550 2961 imperatorie,
581 2879 631 2942 oui
664 2878 868 2961 praecipuum
901 2878 1052 2943 honorem
1085 2878 1225 2945 haberet.

77 2986 196 3049 uulnus
221 2985 460 3049 acerbissimum
485 2986 654 3048 refricaret.
680 3004 773 3067 quam
795 2986 833 3050 ob
853 3004 918 3048 rem
938 3004 974 3048 eo
998 2984 1093 3048 uerba
1117 2985 1224 3067 potius

77 3093 115 3156 ad
140 3112 255 3156 annum
280 3091 532 3168 CCCLXXXHI,
554 3110 614 3173 quo
636 3091 806 3156 Gratianus
831 3091 955 3155 occisus
980 3095 1039 3167 est,
1063 3091 1223 3154 referenda

123 3372 143 3441 ¹)
162 3373 238 3425 cuius
256 3373 294 3425 rei
313 3371 393 3424 testis
413 3375 454 3423 est
468 3371 608 3439 catalogus
628 3371 654 3423 in
675 3369 766 3423 codice
780 3370 957 3435 Berolineusi,
978 3369 1040 3423 olim
1057 3372 1223 3426 Santeoiano

75 3461 119 3522 66,
139 3460 238 3513 saeculi
258 3459 348 3523 Vllll,
369 3464 500 3519 seruatus,
520 3459 548 3511 in
568 3475 620 3527 quo
640 3458 707 3512 haec
726 3458 866 3527 leguntur:
887 3458 995 3528 ‘Incipit
1008 3460 1088 3512 messi
1108 3463 1223 3514 oratoris

76 3548 110 3601 de
134 3546 460 3615 elocutionibusffolybrio
486 3550 514 3599 ct
537 3546 649 3615 probino
669 3547 804 3609 messius';
825 3546 858 3599 cf.
877 3546 981 3599 Becker
1000 3546 1059 3601 Cat.
1080 3548 1145 3602 bibl.
1166 3561 1223 3606 ant.

76 3637 120 3695 ab.
142 3636 182 3689 12.

122 3723 143 3791 ²)
164 3724 196 3778 cf.
218 3723 324 3777 Seeckii
343 3723 470 3792 Prolegg.
490 3722 524 3776 ad
545 3723 733 3792 Symmachum
752 3742 777 3792 p.
797 3724 835 3778 l'l
855 3724 916 3777 adn.
938 3726 979 3778 11.

122 3812 142 3877 ³)
163 3829 231 3880 quae
250 3813 277 3864 in
298 3811 389 3866 codice
405 3812 569 3865 Santoniano
588 3811 717 3879 leguntur
734 3812 801 3864 milri
820 3813 939 3866 indicare
959 3813 1087 3867 uidentur
1107 3816 1133 3867 in
1152 3815 1222 3869 libro

75 3902 123 3955 illo
143 3904 215 3969 regis
234 3901 430 3970 Francogallici
444 3902 570 3954 Arusiani
590 3900 718 3970 opusculo
739 3902 883 3968 epistulam
904 3919 957 3970 qna
975 3902 1021 3955 ille
1038 3901 1178 3972 Olybrium
1195 3911 1222 3959 et

76 3990 222 4043 Probinum
242 3989 384 4043 adlocutus
405 3994 447 4043 est
464 3991 637 4059 praemissam
656 3991 748 4043 fuisse.
769 4007 881 4058 quoruur
901 3992 1053 4044 nominibus
1073 4010 1133 4046 curn
1153 3993 1223 4047 nihil

76 4078 212 4132 adiectum
232 4079 277 4142 sit,
297 4079 436 4148 probabile
457 4083 498 4132 est
518 4096 563 4132 eos
582 4078 700 4132 noudum
720 4080 843 4133 consules
864 4079 1020 4148 designatos
1040 4081 1131 4133 luisse.
1150 4083 1223 4136 iutra

76 4184 159 4219 armos
178 4168 264 4235 igitur
283 4166 484 4221 CCCLUXXI
505 4173 533 4221 et
553 4166 796 4222 CCCLXXXXlllI
812 4168 937 4221 ,drusiani
952 4168 1073 4223 libellum
1088 4170 1115 4221 in
1131 4171 1222 4238 publi·

75 4273 135 4308 cum
155 4255 286 4324 prodiisse
306 4256 480 4309 statuendum
500 4262 549 4308 est.
566 4255 661 4323 quodsi
677 4255 803 4325 Olybrius
817 4275 844 4310 rc
858 4274 921 4310 uera
937 4275 959 4312 a.
974 4257 1028 4309 lere
1045 4257 1223 4313 ccccxxvi

76 4349 155 4397 natus
175 4350 216 4397 est
235 4344 278 4412 (cl.
293 4344 373 4397 Birtii
393 4345 475 4414 praef.
491 4344 525 4397 ad
545 4343 639 4399 Claud.
659 4362 683 4413 p.
703 4345 1007 4410 i'11)‚a.cccnxxxl
1027 4345 1127 4414 agebat
1146 4353 1221 4400 aetu-

75 4433 111 4485 tis
126 4449 223 4484 armum
236 4433 358 4501 quintum
375 4432 515 4486 decimum.
531 4448 617 4501 neque
634 4432 779 4501 quidquam
795 4434 886 4487 obstat
902 4435 1044 4503 quominus
1058 4435 1221 4489 coniciamus

75 4538 135 4575 eum
159 4528 216 4574 tum
240 4522 320 4575 simul
344 4539 404 4575 cunr
427 4521 510 4574 fratre
534 4538 549 4574 a
572 4522 702 4590 magistro
727 4523 870 4576 diuertisse
890 4529 971 4591 alque
990 4523 1061 4575 hunc
1081 4524 1221 4593 discipulis

75 4610 237 4663 abeuntibus
257 4611 439 4664 elocutionum
459 4610 580 4679 exempla
599 4609 775 4664 dedicauisse.
