2804 5168
118 708 184 772 268
591 703 788 757 Ambrosii

118 900 188 983 ipso
217 903 373 973 naturam,
404 916 498 981 quam
523 897 737 961 animantibus
761 897 829 979 ipse
854 896 995 967 donauit,
1020 898 1184 980 expressit,
1210 901 1266 982 qui
1313 908 1342 963 of:

119 1006 151 1070 in
182 1006 265 1071 hunc
298 1003 452 1069 mundum
484 1009 650 1087 tamquam
683 1021 797 1067 ceruus
831 1003 961 1067 aduenit
993 1006 1025 1068 et
1058 1022 1131 1068 cunr
1159 1003 1201 1069 iis
1230 1025 1267 1071 se

118 1113 198 1177 mira
229 1110 436 1194 simplicitate
468 1109 620 1195 iungebat
652 1128 669 1173 a
703 1108 818 1192 quibus
850 1109 877 1174 ei
901 1110 1092 1193 parabantur
1119 1110 1266 1177 insidiae.

117 1219 218 1283 fertur
241 1219 324 1283 enim
347 1216 531 1282 huiusmodi
556 1235 721 1281 ceruorum
746 1235 815 1280 esse
840 1216 1039 1297 simplicitas,
1062 1219 1100 1282 ut
1127 1236 1201 1282 cunr
1231 1236 1267 1282 se

119 1325 270 1410 exagitari
293 1324 441 1401 uiderint,
465 1324 505 1388 iis
530 1342 600 1387 sese
625 1323 786 1405 equitibus
811 1322 989 1395 adnectant,
1013 1322 1068 1405 qui
1086 1323 1266 1389 ministerio
1297 1348 1310 1387 s

117 1431 239 1497 fraudis
262 1430 399 1514 adpositi
419 1429 523 1513 specie
542 1430 637 1513 fugae
657 1448 693 1494 ac
712 1429 914 1494 simulatione
934 1429 1096 1494 societatis
1115 1431 1266 1497 inductos

118 1538 158 1602 ad
185 1537 264 1603 retia
287 1557 389 1619 usque
414 1537 581 1601 deducant.
605 1536 650 1600 ita
674 1555 748 1620 ergo
773 1535 920 1600 dominus
945 1541 1110 1619 tamquam
1133 1537 1264 1623 ignarus

118 1645 252 1729 periculi
288 1648 383 1727 atque
420 1643 608 1727 inprouidus
645 1642 772 1707 ludaeis
810 1642 919 1707 dolum
962 1643 1024 1707 sibi
1064 1644 1264 1710 struentibus

116 1752 353 1817 admiscebatur
389 1755 421 1815 et
457 1751 641 1815 societ-atem
680 1749 741 1814 sibi
777 1749 874 1814 Iudae
911 1749 1081 1831 proditoris
1114 1750 1263 1818 adsciuit.
1324 1760 1342 1815 Ε

119 1858 211 1923 cuius
244 1858 447 1923 simulatione
479 1858 607 1923 funesta
639 1875 741 1939 usque
770 1855 810 1921 ad
837 1856 939 1921 crucis
967 1858 1097 1939 laqueos
1126 1862 1159 1922 et
1185 1859 1308 1925 retiam

119 1964 276 2047 passionis
292 1963 437 2028 accessit.
453 1962 535 2029 unde
550 1981 722 2027 conuersus
737 1963 778 2026 ad
793 1982 864 2026 eum
880 1963 976 2028 dixit:
992 1963 1099 2043 luda,
1121 1966 1264 2031 osculo

119 2070 256 2136 filium
291 2070 467 2135 hominis
496 2068 654 2134 tradis?
682 2073 714 2133 et
741 2069 800 2133 lroc
830 2068 957 2152 quidem
985 2071 1079 2136 modo
1108 2072 1199 2138 uenit
1225 2073 1264 2139 ad

120 2194 299 2261 synagogae
326 2177 406 2241 retia
434 2176 608 2259 nolensque
637 2195 671 2239 se
698 2175 813 2240 induit.
842 2175 899 2240 sed
922 2195 983 2240 non
1006 2176 1190 2260 implicatus
1215 2184 1264 2245 est

74 2282 176 2347 8000
209 2282 384 2357 instrictus,
418 2283 473 2363 qui
507 2300 615 2345 omnes
647 2281 789 2345 resoluit.
819 2281 954 2365 denique
983 2283 1143 2348 eminebat
1170 2304 1265 2370 super·

118 2388 207 2453 retia.
232 2391 265 2452 et
288 2388 362 2470 quia
386 2391 436 2453 sui
460 2407 532 2453 euin
557 2407 617 2451 non
641 2392 856 2471 susceperant,
880 2388 1016 2453 uocabat
1040 2390 1209 2456 ecclesiam
1233 2396 1266 2458 et
1283 2418 1306 2455 a

119 2495 146 2559 01
171 2512 262 2560 arram
286 2494 420 2578 gratiam
445 2494 634 2569 conserebat,
658 2494 836 2577 sicutipse
860 2500 1060 2560 sacrosancta
1077 2497 1213 2563 ecclesia
1232 2500 1263 2564 in

119 2599 259 2666 Canticis
282 2602 479 2683 protestatur
502 2600 630 2665 dicens:
654 2600 843 2665 adiuraui
867 2620 950 2680 uos,
974 2602 1093 2667 filias
1122 2604 1263 2670 Hieru-
1321 2612 1340 2668 F

118 2709 254 2786 salem,
292 2708 330 2771 in
369 2707 601 2773 uirtutibus
640 2710 679 2771 et
719 2707 1045 2774 fortitudinibus
1088 2711 1186 2795 agri,
1229 2713 1263 2777 si

118 2813 1262 2902 suscitaueritisetresuscitaueritiscaritatemusque-

118 2938 193 3002 quo
217 2920 414 2985 uoluerit.
433 2921 515 3003 petit
534 2940 608 3005 ergo
628 2921 659 2984 in
680 2920 773 2985 odore
793 2922 870 3003 agri,
892 2940 985 3002 quem
1005 2922 1112 2987 olebat
1130 2928 1261 2990 sanetus
1279 2950 1302 2989 a

117 3025 223 3103 Iacob,
251 3026 284 3090 id
312 3031 362 3091 est
390 3025 445 3090 illa
468 3026 540 3103 fide,
564 3027 621 3091 illa
644 3026 812 3091 deuotione
837 3028 966 3092 excitari
990 3048 1141 3112 sponsum
1167 3049 1261 3096 sunm

118 3149 136 3194 a
164 3130 289 3196 filiabus
317 3132 527 3209 Hierusalem,
557 3137 593 3197 at
621 3134 749 3198 l'estiuet
777 3133 815 3197 ad
840 3153 998 3215 sponsam,
1023 3140 1055 3200 et
1078 3136 1206 3202 excitari
1229 3139 1261 3203 in

118 3255 151 3301 se
190 3238 258 3301 eius
297 3238 460 3304 caritatem
497 3244 552 3304 aut
588 3240 682 3304 etiam
720 3240 826 3324 ipsum
862 3240 1000 3318 excitari,
1039 3243 1112 3326 quia
1145 3246 1260 3311 caritas

117 3362 253 3426 sponsus
283 3347 341 3409 est.
372 3345 467 3411 deus
497 3347 581 3410 enim
611 3347 764 3412 caritas
788 3350 860 3412 est.
885 3349 969 3413 sicut
993 3349 1071 3414 dixit
1094 3350 1259 3418 lebannes.

117 3449 172 3515 sed
194 3449 248 3514 ille
273 3470 333 3515 non
357 3471 472 3533 passus
496 3473 530 3517 se
550 3456 588 3517 ab
609 3454 679 3518 aliis
700 3454 837 3530 excitari,
858 3456 911 3537 qui
932 3459 1044 3537 sponte
1063 3459 1260 3540 properabat,
1277 3482 1301 3521 a

205 3676 338 3730 9llattlr.
360 3679 437 3741 lul
494 3680 524 3733 11
545 3679 608 3732 Luc.
629 3680 672 3736 2‘2.
687 3680 721 3734 101
779 3680 1071 3745 lactucarum
1128 3683 1161 3736 l'r'
1182 3683 1256 3740 Ceut.

115 3764 176 3823 27
232 3764 470 3823 auctorata?
527 3767 668 3821 12411011.
688 3770 713 3823 4.
736 3770 768 3822 111

153 3907 165 3959 1
187 3907 234 3975 qui
253 3910 283 3969 to.
303 3925 329 3961 u.
351 3910 422 3961 cuurl
441 3908 547 3962 Deum
566 3909 602 3962 P‘
656 3912 672 3964 a
692 3910 798 3963 fraudes
813 3911 839 3964 P
911 3912 1055 3982 societates
1076 3910 1201 3967 inductos
1216 3918 1257 3979 (oo

114 4012 148 4048 ea
166 3996 209 4065 us)
227 3996 254 4049 P
325 3999 341 4050 9
360 3996 440 4050 iudae
460 3997 605 4066 proditoris
625 3997 676 4051 sibi
695 4000 722 4051 Β
795 4002 828 4055 111
850 4000 983 4070 passionis
1002 4002 1071 4054 retia
1089 4005 1215 4070 peruenit
1233 4002 1259 4055 B

118 4085 147 4138 11
169 4085 257 4138 ascolo
278 4085 305 4138 P
369 4086 401 4138 12
420 4087 497 4139 uenit
515 4102 565 4140 orer.
586 4087 614 4139 Β
673 4088 705 4141 13
726 4088 819 4141 uolens
839 4106 867 4141 sc
887 4088 992 4143 inducit
1010 4090 1038 4142 Β
1109 4089 1216 4144 induxit
1238 4090 1260 4144 0

149 4172 298 4242 implicitus
316 4174 437 4227 BDP'C
502 4175 535 4227 14
554 4175 692 4228 instrictus
711 4176 739 4229 Β
757 4177 904 4230 instructus
924 4184 970 4231 cet.
1041 4179 1073 4233 lu
1092 4194 1169 4232 suam
1188 4180 1214 4233 01
1231 4178 1259 4233 Β

150 4265 243 4314 sancta
262 4262 289 4314 B
355 4262 386 4314 18
406 4263 463 4329 agri
483 4262 505 4315 si
520 4262 583 4315 DP‘
603 4265 674 4332 agris
694 4264 721 4316 P
739 4268 762 4325 (s
781 4281 802 4318 a.
822 4274 860 4325 rc.)
882 4267 939 4334 agri
958 4283 992 4319 ue
1008 4266 1062 4319 Bc
1125 4268 1158 4320 19
1178 4273 1206 4322 et
1225 4284 1257 4321 nc

113 4349 340 4401 resuscitaueritis
359 4349 395 4410 B,
415 4356 442 4401 et
462 4352 688 4404 resuscitarreritis
708 4368 757 4405 000,
781 4354 804 4400 l'
870 4354 901 4406 ¹21
923 4351 967 4406 iob
986 4353 1050 4408 DP'
1132 4372 1256 4422 sponsam

113 4451 189 4488 suam
204 4435 231 4489 B
285 4437 319 4490 22
339 4453 464 4505 sponsam
480 4439 519 4491 ed.
535 4439 613 4493 Roas.
629 4457 756 4509 sponsum
771 4442 798 4492 P
815 4452 838 4509 lo
853 4459 898 4509 pr.
912 4458 932 4497 a.
948 4448 986 4497 001
1002 4450 1048 4495 001.
1123 4444 1219 4498 exituri
1232 4446 1258 4499 P

150 4525 207 4578 eius
227 4526 254 4578 in
274 4542 303 4578 00
321 4525 348 4578 Β
412 4528 445 4579 21
466 4535 508 4580 est
527 4545 621 4598 passus
640 4529 667 4581 Β
740 4547 767 4583 se
786 4547 837 4584 ona
857 4530 892 4587 B.
914 4538 954 4584 cst
973 4532 1006 4583 P¹
1080 4531 1151 4602 aliis]
1173 4532 1257 4587 01οΒ

150 4614 213 4682 quia
230 4614 265 4673 Β,
279 4615 348 4681 sort.
368 4622 437 4668 recte
