2804 5168
161 711 224 774 154
634 704 832 759 Ambrosii

158 902 194 967 in
218 905 336 978 orioro,
361 900 449 966 noui
468 904 504 965 to
525 903 562 964 et
579 900 802 982 priusquam
821 900 941 965 exires
962 900 1005 965 do
1024 901 1141 964 uulua
1160 906 1301 987 matris,
1362 921 1380 976 Β

159 1008 407 1073 sanetificaui
425 1011 471 1073 te.
493 1007 652 1092 geminam
671 1008 771 1092 igitur
789 1009 944 1091 propheta
962 1006 993 1071 in
1015 1007 1140 1074 Christo
1156 1011 1303 1076 substan·

158 1115 235 1179 tiam
260 1115 443 1193 declarauit‚
464 1114 642 1179 diuinitatis
662 1118 695 1178 et
713 1115 826 1192 carnis,
847 1116 977 1179 alteram
999 1134 1034 1178 en
1053 1120 1152 1198 patre,
1173 1119 1303 1184 alteram

159 1242 196 1287 ex
222 1223 356 1307 uirgine,
384 1222 431 1287 ita
463 1225 567 1285 tumen
602 1225 637 1285 ut
669 1241 729 1286 non
759 1241 865 1286 exsors
895 1241 970 1286 suae
1000 1221 1178 1288 diuinitatis
1207 1230 1304 1302 esset,

159 1348 231 1395 cum
256 1349 292 1394 ex
315 1330 438 1414 uirgine
462 1332 646 1393 nasceretur
670 1331 702 1392 et
727 1332 812 1392 essct
835 1329 866 1392 in
892 1347 1030 1410 corpore.
1333 1355 1346 1394 s

114 1444 156 1507 52
203 1435 293 1500 Unde
319 1439 351 1500 et
373 1434 571 1500 conualuit
594 1454 707 1517 super
730 1454 856 1499 omnes
880 1438 1028 1500 montes
1054 1439 1090 1499 et
1113 1435 1304 1502 desideria

159 1542 315 1606 collium
353 1543 603 1606 aeternorum.
643 1559 739 1621 super
775 1559 883 1604 omnes
924 1541 1007 1604 enim
1044 1541 1118 1605 illos
1155 1543 1302 1608 sublimis

158 1647 262 1712 meriti
290 1647 377 1711 uiros
405 1646 600 1729 patriarchas
621 1649 653 1710 et
676 1645 847 1728 prophetas
873 1647 905 1708 et
929 1645 1102 1726 apostolos,
1127 1647 1182 1711 sed
1207 1648 1302 1713 otiam

158 1757 241 1819 ultra
266 1754 365 1819 solem
389 1755 497 1818 lunam
522 1755 728 1837 archangelos
752 1757 914 1834 tamquam
935 1752 1013 1816 caeli
1032 1753 1140 1816 lumen
1160 1755 1302 1833 emicuit,
1367 1767 1385 1824 0

159 1859 330 1943 sicutipse
350 1861 413 1924 ait:
433 1879 502 1925 non
523 1864 583 1925 est
607 1861 826 1941 discipulus
853 1878 965 1942 super
987 1859 1210 1942 magistrum
1236 1881 1301 1927 nec
1320 1889 1345 1927 ιο

159 1987 292 2033 seruus
312 1986 426 2049 super
445 1967 645 2032 domiuum.
666 1967 737 2049 quis
757 1967 840 2030 enim
860 1966 987 2030 illorum
1006 1967 1068 2030 fuit
1088 1968 1137 2030 cui
1157 1968 1302 2033 subiecta

158 2078 264 2139 essent
293 2075 406 2152 onmia,
436 2073 552 2155 quibus
576 2074 645 2158 ipse
669 2072 801 2137 donauit
824 2073 907 2155 quod
932 2076 1044 2137 erant?
1068 2074 1099 2136 iu
1124 2093 1186 2155 quo
1210 2075 1302 2140 benc·

158 2180 306 2245 dicuntur
325 2199 433 2244 omncs
453 2180 554 2244 sancti
575 2179 655 2255 eius,
676 2179 750 2261 quia
768 2178 836 2262 ipse
856 2184 905 2243 est
924 2199 1018 2262 super
1037 2180 1141 2262 capita
1160 2183 1300 2246 omnium

158 2290 253 2370 caput
268 2288 409 2351 omnium
421 2288 570 2368 —caput
584 2284 666 2349 enim
681 2285 824 2350 mulieris
840 2285 899 2362 uir,
915 2289 1011 2368 caput
1025 2286 1085 2350 uiri
1097 2286 1243 2353 Christus
1259 2327 1300 2337 -

157 2398 189 2459 et
213 2413 308 2475 super
331 2392 467 2456 uertices
493 2390 644 2466 omniurn,
668 2391 742 2472 quia
764 2391 833 2474 ipse
857 2394 907 2455 est
930 2392 1169 2474 supereminens
1193 2398 1301 2460 uerter
1321 2418 1345 2458 15

156 2500 388 2576 uniuersorum,
415 2498 470 2563 sed
493 2498 651 2562 iustorum
676 2501 725 2562 cst
748 2501 857 2563 uertex
880 2499 1068 2573 altissimus,
1089 2519 1169 2581 quos
1188 2501 1301 2566 fratres

156 2611 252 2672 uocat
292 2605 468 2689 adquisitos
510 2624 565 2688 per
606 2603 740 2688 gratiam
782 2607 815 2668 et
856 2605 1013 2687 quoddam
1055 2609 1300 2690 regenerationis
1361 2613 1381 2666 D

157 2713 362 2779 consortium.
400 2712 482 2775 unde
520 2714 552 2775 ct
587 2710 737 2775 fratribus
775 2712 890 2795 loseph
927 2713 1000 2776 illos
1042 2713 1145 2797 magis
1187 2713 1300 2779 fratres

157 2820 385 2904 intellegimur,
415 2818 452 2882 de
481 2818 597 2900 quibus
632 2817 709 2882 dicit
740 2818 771 2881 in
804 2821 946 2900 psalmo:
980 2820 1136 2884 narrabo
1169 2840 1300 2885 nomen

157 2931 263 2991 tuum
301 2925 486 2990 fratribus
525 2924 628 2999 nreis,
667 2924 703 2987 in
742 2925 863 2989 medio
907 2927 1096 2991 ecclesiae
1139 2927 1344 2992 cantabooo

157 3033 238 3098 tibi.
633 3020 635 3025 ’

112 3150 154 3212 53
202 3139 346 3221 Denique
375 3141 407 3201 et
435 3138 563 3220 Moyses
593 3138 810 3219 completurus
834 3138 919 3202 uitae
943 3139 1038 3203 istius
1063 3159 1202 3216 cursum,
1227 3161 1299 3206 cunr

156 3245 358 3310 benediceret
386 3245 504 3309 tribum
534 3245 660 3326 loseph,
690 3264 749 3309 non
774 3245 864 3308 illum
890 3245 1001 3328 utique
1026 3246 1088 3308 ianr
1114 3245 1299 3312 defunctum

155 3353 281 3434 loseph,
315 3352 372 3417 sed
400 3351 562 3417 Christum
591 3351 809 3427 benedicebat,
839 3352 924 3416 sicut
951 3352 1048 3416 habes
1078 3353 1234 3434 scriptum
1262 3354 1301 3418 de

157 3460 292 3542 loseph:
327 3478 345 3522 a
376 3459 644 3524 benedictione
678 3458 817 3523 domini
851 3463 950 3522 terra
982 3460 1075 3538 eius,
1109 3478 1126 3522 a
1154 3460 1342 3526 sinibusan

155 3567 253 3631 caeli
287 3572 323 3630 ct
356 3586 373 3630 a
404 3586 487 3630 rore
521 3569 558 3631 et
589 3566 632 3629 ab
666 3565 817 3647 abyssis
850 3566 1011 3629 fontium
1050 3566 1225 3630 deorsum
1264 3579 1300 3632 et
1362 3579 1382 3634 Ε

245 3758 276 3811 10
295 3759 394 3814 blattlr.
416 3757 457 3819 10,
479 3758 513 3810 24
550 3757 583 3810 13
602 3756 700 3825 Ephes.
722 3757 745 3815 1.
766 3757 811 3820 22;
833 3758 858 3815 4,
880 3758 911 3809 15
952 3757 984 3809 14
998 3756 1011 3809 Ι
1027 3756 1085 3811 Cor.
1102 3758 1144 3819 11,
1164 3759 1180 3811 3
1200 3759 1297 3827 Ephes.

153 3848 233 3909 5,23
281 3848 313 3901 16
332 3846 431 3900 blatth.
453 3847 493 3909 12,
513 3847 548 3899 49
568 3862 607 3914 sq.
657 3845 688 3897 19
707 3844 807 3900 Psalrn.
827 3845 888 3897 XXl
909 3845 943 3897 23
990 3846 1297 3908 25Douc.33,13-17

188 3973 205 4022 4
224 3969 357 4038 uirginem
377 3970 403 4022 Β
459 3985 548 4021 exsors
569 3972 592 4032 (s
606 3984 651 4036 pr.
672 3983 692 4019 s.
712 3973 751 4032 u.)
772 3967 814 4019 P‘
834 3984 909 4020 exors
929 3967 1029 4021 Num*
1085 3971 1100 4021 6
1120 3970 1259 4023 conualuit
1276 3971 1298 4021 Β

153 4059 214 4128 (con
233 4075 253 4112 s.
274 4059 313 4127 u.)
381 4059 446 4110 Set
460 4074 505 4126 pr.
525 4063 603 4109 estro
622 4074 648 4108 rc
669 4056 761 4109 mal>
829 4059 862 4109 12
881 4058 908 4110 in
927 4075 948 4112 s.
968 4075 994 4109 n.
1015 4059 1041 4110 Β
1117 4060 1149 4112 15
1168 4059 1297 4128 omnium]

153 4175 283 4227 montium
303 4175 345 4230 ‘il‘
418 4173 570 4227 suertoxP
634 4172 665 4224 16
685 4137 799 4225 altissidr
819 4173 846 4225 P
919 4174 1139 4241 quosNVFP⁴¹
1159 4173 1230 4243 quod
1250 4180 1296 4227 eet.

155 4264 186 4317 17
206 4264 317 4316 uocauit
334 4262 367 4315 N
371 4263 422 4315 VD
494 4261 708 4330 regenerationis
727 4261 752 4311 Β
775 4264 812 4323 ire
831 4278 852 4314 s.
872 4267 910 4327 ec)
1000 4263 1031 4315 18
1051 4269 1078 4315 et
1097 4262 1212 4317 BDOT
1224 4267 1252 4316 et
1269 4263 1296 4316 in

152 4352 230 4405 W
256 4353 336 4419 (fort.
357 4356 435 4415 recte)
461 4354 488 4404 et
512 4350 544 4402 de
563 4351 591 4402 P
614 4349 658 4416 (de
678 4365 698 4400 s.
718 4364 746 4403 u.
766 4352 823 4413 1112)
846 4350 877 4401 'P
902 4351 929 4402 in
954 4349 1029 4404 Ver
1050 4352 1073 4406 a
1098 4356 1142 4405 (cc
1165 4355 1203 4414 et)
1226 4351 1300 4408 ub‘E

153 4441 186 4493 ‘20
206 4439 320 4491 cantabo
340 4440 403 4506 tibi]
422 4438 537 4490 laudabo
556 4443 584 4490 te
602 4436 680 4493 Pte
758 4439 791 4490 ‘25
813 4455 885 4506 apr.
905 4455 926 4491 s.
946 4457 972 4491 n.
994 4442 1019 4491 Β
1092 4441 1126 4494 26
1146 4446 1174 4493 et
1193 4441 1225 4494 ab
1246 4457 1295 4495 orn.

152 4528 181 4580 I)
199 4532 240 4580 ml
261 4527 338 4587 (odd.
358 4534 413 4589 »12)
438 4527 468 4584 Τ,
489 4526 522 4579 ab
542 4543 591 4580 ons.
611 4524 682 4578 N'V
794 4527 882 4594 abyssi
907 4528 932 4579 V
949 4528 1059 4597 abyssus
1078 4530 1107 4582 D
1127 4531 1174 4593 (-is
1193 4534 1250 4594 m2)
1275 4529 1299 4582 T

188 4615 310 4668 deorsum
331 4622 409 4667 arira
427 4633 454 4667 u.
469 4621 568 4682 postea
588 4615 652 4667 codd.
673 4614 706 4672 ἓν
724 4631 758 4667 m.
779 4622 836 4668 ant.
858 4616 995 4670 decursum
1022 4618 1047 4668 V
