<?xml version="1.0" encoding="UTF-8"?>
<!DOCTYPE html PUBLIC "-//W3C//DTD XHTML 1.0 Transitional//EN"
    "http://www.w3.org/TR/xhtml1/DTD/xhtml1-transitional.dtd">
<html xmlns="http://www.w3.org/1999/xhtml" xml:lang="en" lang="en">
 <head>
  <title>
</title>
<meta http-equiv="Content-Type" content="text/html;charset=utf-8" />
  <meta name='ocr-system' content='tesseract 3.04.00' />
  <meta name='ocr-capabilities' content='ocr_page ocr_carea ocr_par ocr_line ocrx_word'/>
</head>
<body>
  <div class='ocr_page' id='page_1' title='image "./sanctiambrosiio04petsgoog/sanctiambrosiio04petsgoog_0528.png"; bbox 0 0 2804 5168; ppageno 0'>
   <div class='ocr_carea' id='block_1_1' title="bbox 370 306 1254 374">
    <p class='ocr_par' dir='ltr' id='par_1_1' title="bbox 370 306 1254 374">
     <span class='ocr_line' id='line_1_1' title="bbox 370 306 1254 374; baseline 0.015 -13"><span class='ocrx_word' id='word_1_1' title='bbox 370 308 412 361; x_wconf 81' lang='lat' dir='ltr'>De</span> <span class='ocrx_word' id='word_1_2' title='bbox 431 306 510 362; x_wconf 86' lang='lat' dir='ltr'>Helia</span> <span class='ocrx_word' id='word_1_3' title='bbox 529 311 557 361; x_wconf 83' lang='lat' dir='ltr'>et</span> <span class='ocrx_word' id='word_1_4' title='bbox 575 307 674 361; x_wconf 88' lang='lat' dir='ltr'>ieiunio</span> <span class='ocrx_word' id='word_1_5' title='bbox 689 308 731 371; x_wconf 71' lang='lat'>22,</span> <span class='ocrx_word' id='word_1_6' title='bbox 747 306 782 361; x_wconf 78' lang='lat'>85</span> <span class='ocrx_word' id='word_1_7' title='bbox 802 307 888 373; x_wconf 86' lang='lat'>(1562</span> <span class='ocrx_word' id='word_1_8' title='bbox 899 306 1000 372; x_wconf 80' lang='lat' dir='ltr'><strong>c-E).</strong></span> <span class='ocrx_word' id='word_1_9' title='bbox 1189 310 1254 374; x_wconf 81' lang='grc'>465</span> 
     </span>
    </p>
   </div>
   <div class='ocr_carea' id='block_1_2' title="bbox 103 502 1254 587">
    <p class='ocr_par' dir='ltr' id='par_1_2' title="bbox 103 502 1254 587">
     <span class='ocr_line' id='line_1_2' title="bbox 103 502 1254 587; baseline 0 -21"><span class='ocrx_word' id='word_1_10' title='bbox 103 504 200 581; x_wconf 82' lang='lat' dir='ltr'>oium,</span> <span class='ocrx_word' id='word_1_11' title='bbox 225 503 374 586; x_wconf 85' lang='lat' dir='ltr'>quonlam</span> <span class='ocrx_word' id='word_1_12' title='bbox 397 524 457 568; x_wconf 93' lang='lat' dir='ltr'>non</span> <span class='ocrx_word' id='word_1_13' title='bbox 481 503 646 586; x_wconf 83' lang='lat' dir='ltr'>primitino</span> <span class='ocrx_word' id='word_1_14' title='bbox 670 503 797 587; x_wconf 76' lang='lat' dir='ltr'>optulit,</span> <span class='ocrx_word' id='word_1_15' title='bbox 823 502 876 568; x_wconf 82' lang='lat' dir='ltr'>sed</span> <span class='ocrx_word' id='word_1_16' title='bbox 901 503 1075 586; x_wconf 84' lang='lat' dir='ltr'>primitinis</span> <span class='ocrx_word' id='word_1_17' title='bbox 1097 503 1165 587; x_wconf 85' lang='lat' dir='ltr'>ipse</span> <span class='ocrx_word' id='word_1_18' title='bbox 1185 523 1254 585; x_wconf 84' lang='lat' dir='ltr'>pon·-</span> 
     </span>
    </p>
   </div>
   <div class='ocr_carea' id='block_1_3' title="bbox 103 610 1254 802">
    <p class='ocr_par' dir='ltr' id='par_1_3' title="bbox 103 610 1254 802">
     <span class='ocr_line' id='line_1_3' title="bbox 104 610 1254 693; baseline 0 -20"><span class='ocrx_word' id='word_1_19' title='bbox 104 610 232 676; x_wconf 84' lang='lat' dir='ltr'>sunctns</span> <span class='ocrx_word' id='word_1_20' title='bbox 264 611 301 674; x_wconf 83' lang='lat' dir='ltr'>do</span> <span class='ocrx_word' id='word_1_21' title='bbox 333 611 542 693; x_wconf 81' lang='lat' dir='ltr'>sequentibus</span> <span class='ocrx_word' id='word_1_22' title='bbox 575 630 692 675; x_wconf 83' lang='lat' dir='ltr'>munus</span> <span class='ocrx_word' id='word_1_23' title='bbox 723 610 781 676; x_wconf 89' lang='lat' dir='ltr'>deo</span> <span class='ocrx_word' id='word_1_24' title='bbox 812 611 984 693; x_wconf 86' lang='lat' dir='ltr'>temptauit</span> <span class='ocrx_word' id='word_1_25' title='bbox 1017 611 1138 687; x_wconf 82' lang='lat' dir='ltr'>offerro,</span> <span class='ocrx_word' id='word_1_26' title='bbox 1172 611 1254 674; x_wconf 83' lang='lat' dir='ltr'>Abel</span> 
     </span>
     <span class='ocr_line' id='line_1_4' title="bbox 103 718 1254 802; baseline 0 -20"><span class='ocrx_word' id='word_1_27' title='bbox 103 722 211 782; x_wconf 86' lang='lat' dir='ltr'>autem</span> <span class='ocrx_word' id='word_1_28' title='bbox 231 718 444 799; x_wconf 83' lang='lat' dir='ltr'>primitiarum</span> <span class='ocrx_word' id='word_1_29' title='bbox 464 718 623 783; x_wconf 81' lang='lat' dir='ltr'>oblatione</span> <span class='ocrx_word' id='word_1_30' title='bbox 642 719 802 801; x_wconf 81' lang='lat' dir='ltr'>praelatus</span> <span class='ocrx_word' id='word_1_31' title='bbox 822 719 939 783; x_wconf 80' lang='lat' dir='ltr'>meruit</span> <span class='ocrx_word' id='word_1_32' title='bbox 959 718 1083 802; x_wconf 84' lang='lat' dir='ltr'>insigne</span> <span class='ocrx_word' id='word_1_33' title='bbox 1102 718 1254 802; x_wconf 77' lang='lat' dir='ltr'>pietatis?</span> 
     </span>
    </p>
   </div>
   <div class='ocr_carea' id='block_1_4' title="bbox 103 924 1256 1706">
    <p class='ocr_par' dir='ltr' id='par_1_4' title="bbox 103 924 1256 1706">
     <span class='ocr_line' id='line_1_5' title="bbox 143 924 1256 996; baseline 0.003 -18"><span class='ocrx_word' id='word_1_34' title='bbox 143 928 154 978; x_wconf 94' lang='lat' dir='ltr'>l</span> <span class='ocrx_word' id='word_1_35' title='bbox 176 924 278 994; x_wconf 77' lang='lat' dir='ltr'>optulit</span> <span class='ocrx_word' id='word_1_36' title='bbox 295 925 361 979; x_wconf 81' lang='lat' dir='ltr'>PH‘</span> <span class='ocrx_word' id='word_1_37' title='bbox 381 925 482 979; x_wconf 88' lang='lat' dir='ltr'>obtulit</span> <span class='ocrx_word' id='word_1_38' title='bbox 501 930 547 979; x_wconf 79' lang='lat' dir='ltr'>cet.</span> <span class='ocrx_word' id='word_1_39' title='bbox 656 926 813 996; x_wconf 79' lang='lat' dir='ltr'>perfunctus</span> <span class='ocrx_word' id='word_1_40' title='bbox 833 931 875 980; x_wconf 82' lang='lat' dir='ltr'>est</span> <span class='ocrx_word' id='word_1_41' title='bbox 896 926 955 980; x_wconf 84' lang='lat' dir='ltr'>GH</span> <span class='ocrx_word' id='word_1_42' title='bbox 1048 927 1064 980; x_wconf 84' lang='lat'>2</span> <span class='ocrx_word' id='word_1_43' title='bbox 1084 926 1133 980; x_wconf 81' lang='lat' dir='ltr'>deo</span> <span class='ocrx_word' id='word_1_44' title='bbox 1153 944 1204 981; x_wconf 85' lang='lat' dir='ltr'>om.</span> <span class='ocrx_word' id='word_1_45' title='bbox 1224 927 1256 981; x_wconf 90' lang='lat' dir='ltr'><em>H</em></span> 
     </span>
     <span class='ocr_line' id='line_1_6' title="bbox 103 1014 1252 1086; baseline -0.001 -16"><span class='ocrx_word' id='word_1_46' title='bbox 103 1017 121 1070; x_wconf 81' lang='lat'>3</span> <span class='ocrx_word' id='word_1_47' title='bbox 140 1014 320 1084; x_wconf 83' lang='lat' dir='ltr'>primitiarum</span> <span class='ocrx_word' id='word_1_48' title='bbox 339 1031 448 1068; x_wconf 84' lang='lat' dir='ltr'><strong>suarum</strong></span> <span class='ocrx_word' id='word_1_49' title='bbox 465 1014 525 1069; x_wconf 84' lang='lat' dir='ltr'>GH</span> <span class='ocrx_word' id='word_1_50' title='bbox 596 1015 692 1069; x_wconf 79' lang='lat' dir='ltr'>malim</span> <span class='ocrx_word' id='word_1_51' title='bbox 710 1016 839 1070; x_wconf 76' lang='lat' dir='ltr'>meruerit</span> <span class='ocrx_word' id='word_1_52' title='bbox 907 1022 972 1086; x_wconf 78' lang='lat' dir='ltr'>post</span> <span class='ocrx_word' id='word_1_53' title='bbox 986 1016 1097 1085; x_wconf 82' lang='lat' dir='ltr'>pietatis</span> <span class='ocrx_word' id='word_1_54' title='bbox 1113 1015 1178 1071; x_wconf 79' lang='lat' dir='ltr'><strong><em>add.</em></strong></span> <span class='ocrx_word' id='word_1_55' title='bbox 1194 1014 1252 1069; x_wconf 84' lang='lat' dir='ltr'>lan·</span> 
     </span>
     <span class='ocr_line' id='line_1_7' title="bbox 105 1103 1254 1175; baseline 0 -18"><span class='ocrx_word' id='word_1_56' title='bbox 105 1103 164 1157; x_wconf 79' lang='lat' dir='ltr'>(lari</span> <span class='ocrx_word' id='word_1_57' title='bbox 178 1104 314 1157; x_wconf 80' lang='lat' dir='ltr'>oraculum</span> <span class='ocrx_word' id='word_1_58' title='bbox 329 1104 388 1157; x_wconf 84' lang='lat' dir='ltr'>GH</span> <span class='ocrx_word' id='word_1_59' title='bbox 392 1125 398 1166; x_wconf 89' lang='lat'>;</span> <span class='ocrx_word' id='word_1_60' title='bbox 417 1104 449 1156; x_wconf 79' lang='lat' dir='ltr'>in</span> <span class='ocrx_word' id='word_1_61' title='bbox 461 1103 633 1158; x_wconf 71' lang='lat' dir='ltr'>Michaelt&#39;no</span> <span class='ocrx_word' id='word_1_62' title='bbox 648 1111 673 1158; x_wconf 78' lang='lat' dir='ltr'>et</span> <span class='ocrx_word' id='word_1_63' title='bbox 691 1103 888 1159; x_wconf 73' lang='lat' dir='ltr'>Uallicello&#39;ano</span> <span class='ocrx_word' id='word_1_64' title='bbox 903 1106 1002 1175; x_wconf 63' lang='lat' dir='ltr'>lenitur</span> <span class='ocrx_word' id='word_1_65' title='bbox 1020 1104 1122 1173; x_wconf 80' lang='lat' dir='ltr'>insigni</span> <span class='ocrx_word' id='word_1_66' title='bbox 1142 1105 1254 1171; x_wconf 67' lang='lat' dir='ltr'>pietatis</span> 
     </span>
     <span class='ocr_line' id='line_1_8' title="bbox 104 1180 1253 1262; baseline 0.004 -17"><span class='ocrx_word' id='word_1_67' title='bbox 104 1193 224 1253; x_wconf 83' lang='lat' dir='ltr'>oraculo.</span> <span class='ocrx_word' id='word_1_68' title='bbox 246 1192 321 1262; x_wconf 79' lang='lat' dir='ltr'>quod</span> <span class='ocrx_word' id='word_1_69' title='bbox 344 1199 503 1261; x_wconf 76' lang='lat' dir='ltr'>receperunt</span> <span class='ocrx_word' id='word_1_70' title='bbox 520 1193 655 1247; x_wconf 60' lang='lat' dir='ltr'>Maunni</span> <span class='ocrx_word' id='word_1_71' title='bbox 761 1194 864 1248; x_wconf 77' lang='lat' dir='ltr'><strong>EXPE.</strong></span> <span class='ocrx_word' id='word_1_72' title='bbox 884 1193 1093 1249; x_wconf 81' lang='lat' dir='ltr'><strong>TRAC&#39;IATUS</strong></span> <span class='ocrx_word' id='word_1_73' title='bbox 1108 1180 1169 1250; x_wconf 61' lang='lat' dir='ltr'>Et]</span> <span class='ocrx_word' id='word_1_74' title='bbox 1187 1196 1253 1249; x_wconf 77' lang='lat' dir='ltr'>Alt-</span> 
     </span>
     <span class='ocr_line' id='line_1_9' title="bbox 106 1280 1253 1338; baseline 0.003 -4"><span class='ocrx_word' id='word_1_75' title='bbox 106 1280 213 1335; x_wconf 84' lang='lat' dir='ltr'><strong>BROSI</strong></span> <span class='ocrx_word' id='word_1_76' title='bbox 236 1281 481 1336; x_wconf 81' lang='lat' dir='ltr'><strong>CONFESSORIS</strong></span> <span class='ocrx_word' id='word_1_77' title='bbox 506 1282 552 1336; x_wconf 87' lang='grc' dir='ltr'>ΕΤ</span> <span class='ocrx_word' id='word_1_78' title='bbox 574 1282 636 1336; x_wconf 87' lang='lat' dir='ltr'>EPI</span> <span class='ocrx_word' id='word_1_79' title='bbox 661 1282 708 1337; x_wconf 90' lang='lat' dir='ltr'>DE</span> <span class='ocrx_word' id='word_1_80' title='bbox 731 1282 841 1336; x_wconf 73' lang='lat' dir='ltr'><strong>HELII</strong></span> <span class='ocrx_word' id='word_1_81' title='bbox 863 1282 910 1336; x_wconf 87' lang='lat' dir='ltr'>ET</span> <span class='ocrx_word' id='word_1_82' title='bbox 933 1282 1078 1338; x_wconf 83' lang='lat' dir='ltr'><strong>IEIUNIO</strong></span> <span class='ocrx_word' id='word_1_83' title='bbox 1102 1284 1130 1338; x_wconf 94' lang='lat' dir='ltr'><em>P</em></span> <span class='ocrx_word' id='word_1_84' title='bbox 1153 1283 1253 1338; x_wconf 84' lang='lat' dir='ltr'><strong>FINIT</strong></span> 
     </span>
     <span class='ocr_line' id='line_1_10' title="bbox 104 1359 1254 1438; baseline 0.001 -13"><span class='ocrx_word' id='word_1_85' title='bbox 104 1359 163 1425; x_wconf 70' lang='lat' dir='ltr'>SEI</span> <span class='ocrx_word' id='word_1_86' title='bbox 181 1370 358 1425; x_wconf 77' lang='lat' dir='ltr'>nlfflssosn</span> <span class='ocrx_word' id='word_1_87' title='bbox 376 1359 439 1425; x_wconf 66' lang='grc' dir='ltr'>ΠΕ</span> <span class='ocrx_word' id='word_1_88' title='bbox 455 1371 504 1425; x_wconf 90' lang='lat' dir='ltr'>DE</span> <span class='ocrx_word' id='word_1_89' title='bbox 522 1370 684 1426; x_wconf 88' lang='lat' dir='ltr'><strong>IEIUNIIS.</strong></span> <span class='ocrx_word' id='word_1_90' title='bbox 703 1369 798 1426; x_wconf 86' lang='lat' dir='ltr'><strong>LEGE</strong></span> <span class='ocrx_word' id='word_1_91' title='bbox 817 1370 1008 1426; x_wconf 84' lang='lat' dir='ltr'><strong>FELICITER</strong></span> <span class='ocrx_word' id='word_1_92' title='bbox 1033 1376 1126 1438; x_wconf 82' lang='lat' dir='ltr'><strong><em>(erasa</em></strong></span> <span class='ocrx_word' id='word_1_93' title='bbox 1145 1378 1184 1426; x_wconf 76' lang='lat' dir='ltr'>est</span> <span class='ocrx_word' id='word_1_94' title='bbox 1202 1391 1254 1426; x_wconf 78' lang='lat' dir='ltr'>an·</span> 
     </span>
     <span class='ocr_line' id='line_1_11' title="bbox 104 1459 1253 1529; baseline 0.003 -17"><span class='ocrx_word' id='word_1_95' title='bbox 104 1461 184 1527; x_wconf 79' lang='lat' dir='ltr'>tiqua</span> <span class='ocrx_word' id='word_1_96' title='bbox 206 1459 371 1529; x_wconf 74' lang='lat' dir='ltr'>subscriptio</span> <span class='ocrx_word' id='word_1_97' title='bbox 394 1460 480 1514; x_wconf 81' lang='lat' dir='ltr'>minio</span> <span class='ocrx_word' id='word_1_98' title='bbox 504 1461 594 1529; x_wconf 79' lang='lat' dir='ltr'>picta)</span> <span class='ocrx_word' id='word_1_99' title='bbox 618 1460 651 1514; x_wconf 85' lang='grc' dir='ltr'><em>Η</em></span> <span class='ocrx_word' id='word_1_100' title='bbox 671 1459 840 1514; x_wconf 84' lang='lat' dir='ltr'><strong>EXPLICIT</strong></span> <span class='ocrx_word' id='word_1_101' title='bbox 864 1460 1074 1516; x_wconf 75' lang='lat' dir='ltr'>TRACTATUS</span> <span class='ocrx_word' id='word_1_102' title='bbox 1099 1461 1155 1517; x_wconf 78' lang='lat' dir='ltr'>sci</span> <span class='ocrx_word' id='word_1_103' title='bbox 1188 1463 1253 1516; x_wconf 76' lang='lat' dir='ltr'>All·</span> 
     </span>
     <span class='ocr_line' id='line_1_12' title="bbox 106 1545 1253 1613; baseline 0.001 -11"><span class='ocrx_word' id='word_1_104' title='bbox 106 1547 229 1602; x_wconf 87' lang='lat' dir='ltr'>BROSlI</span> <span class='ocrx_word' id='word_1_105' title='bbox 253 1547 565 1611; x_wconf 71' lang='lat' dir='ltr'><strong>(MEDIOLANENSIS</strong></span> <span class='ocrx_word' id='word_1_106' title='bbox 589 1548 654 1602; x_wconf 81' lang='lat' dir='ltr'>odd.</span> <span class='ocrx_word' id='word_1_107' title='bbox 674 1549 720 1613; x_wconf 81' lang='lat' dir='ltr'>P⁴)</span> <span class='ocrx_word' id='word_1_108' title='bbox 744 1547 793 1601; x_wconf 91' lang='lat' dir='ltr'>DE</span> <span class='ocrx_word' id='word_1_109' title='bbox 812 1545 929 1602; x_wconf 73' lang='lat' dir='ltr'>Hnntn</span> <span class='ocrx_word' id='word_1_110' title='bbox 950 1548 1005 1611; x_wconf 83' lang='lat' dir='ltr'>(ET</span> <span class='ocrx_word' id='word_1_111' title='bbox 1024 1545 1166 1604; x_wconf 82' lang='lat' dir='ltr'><strong>IEIUNIO</strong></span> <span class='ocrx_word' id='word_1_112' title='bbox 1188 1550 1253 1603; x_wconf 75' lang='lat' dir='ltr'>add.</span> 
     </span>
     <span class='ocr_line' id='line_1_13' title="bbox 104 1637 683 1706; baseline -0.002 -15"><span class='ocrx_word' id='word_1_113' title='bbox 104 1638 145 1703; x_wconf 89' lang='lat' dir='ltr'>D)</span> <span class='ocrx_word' id='word_1_114' title='bbox 165 1637 228 1693; x_wconf 90' lang='lat' dir='ltr'>DP.</span> <span class='ocrx_word' id='word_1_115' title='bbox 247 1637 279 1690; x_wconf 78' lang='lat' dir='ltr'>in</span> <span class='ocrx_word' id='word_1_116' title='bbox 300 1637 367 1691; x_wconf 78' lang='lat'>611¹</span> <span class='ocrx_word' id='word_1_117' title='bbox 385 1653 443 1691; x_wconf 77' lang='lat' dir='ltr'>oon</span> <span class='ocrx_word' id='word_1_118' title='bbox 461 1643 499 1691; x_wconf 72' lang='lat' dir='ltr'>cot</span> <span class='ocrx_word' id='word_1_119' title='bbox 516 1637 683 1706; x_wconf 62' lang='lat' dir='ltr'>subscriptio</span> 
     </span>
    </p>
   </div>
   <div class='ocr_carea' id='block_1_5' title="bbox 129 4344 420 4394">
    <p class='ocr_par' dir='ltr' id='par_1_5' title="bbox 129 4344 420 4394">
     <span class='ocr_line' id='line_1_14' title="bbox 129 4344 420 4394; baseline -0.007 -9"><span class='ocrx_word' id='word_1_120' title='bbox 129 4346 221 4385; x_wconf 78' lang='lat' dir='ltr'>xnxn.</span> <span class='ocrx_word' id='word_1_121' title='bbox 238 4344 317 4385; x_wconf 79' lang='lat' dir='ltr'>Amor,</span> <span class='ocrx_word' id='word_1_122' title='bbox 332 4354 384 4394; x_wconf 80' lang='lat' dir='ltr'>pm</span> <span class='ocrx_word' id='word_1_123' title='bbox 399 4347 420 4385; x_wconf 76' lang='lat'>2.</span> 
     </span>
    </p>
   </div>
   <div class='ocr_carea' id='block_1_6' title="bbox 0 0 1406 5168">
    <p class='ocr_par' dir='ltr' id='par_1_6' title="bbox 0 0 1406 5168">
     <span class='ocr_line' id='line_1_15' title="bbox 0 0 1406 5168; baseline 0 0"><span class='ocrx_word' id='word_1_124' title='bbox 0 0 1406 5168; x_wconf 95' lang='lat' dir='ltr'> </span> 
     </span>
    </p>
   </div>
  </div>
 </body>
</html>
