<?xml version="1.0" encoding="UTF-8"?>
<!DOCTYPE html PUBLIC "-//W3C//DTD XHTML 1.0 Transitional//EN"
    "http://www.w3.org/TR/xhtml1/DTD/xhtml1-transitional.dtd">
<html xmlns="http://www.w3.org/1999/xhtml" xml:lang="en" lang="en">
 <head>
  <title>
</title>
<meta http-equiv="Content-Type" content="text/html;charset=utf-8" />
  <meta name='ocr-system' content='tesseract 3.04.00' />
  <meta name='ocr-capabilities' content='ocr_page ocr_carea ocr_par ocr_line ocrx_word'/>
</head>
<body>
  <div class='ocr_page' id='page_1' title='image "./sanctiambrosiio04petsgoog/sanctiambrosiio04petsgoog_0423.png"; bbox 0 0 2804 5168; ppageno 0'>
   <div class='ocr_carea' id='block_1_1' title="bbox 136 643 814 710">
    <p class='ocr_par' dir='ltr' id='par_1_1' title="bbox 136 643 814 710">
     <span class='ocr_line' id='line_1_1' title="bbox 136 643 814 710; baseline 0.003 -15"><span class='ocrx_word' id='word_1_1' title='bbox 136 643 200 707; x_wconf 88' lang='grc'>360</span> <span class='ocrx_word' id='word_1_2' title='bbox 595 643 814 710; x_wconf 71' lang='lat' dir='ltr'>{Ambrosii}</span> 
     </span>
    </p>
   </div>
   <div class='ocr_carea' id='block_1_2' title="bbox 94 836 1384 3688">
    <p class='ocr_par' dir='ltr' id='par_1_2' title="bbox 135 836 1333 1456">
     <span class='ocr_line' id='line_1_2' title="bbox 135 836 1286 921; baseline -0.003 -17"><span class='ocrx_word' id='word_1_3' title='bbox 135 838 241 904; x_wconf 89' lang='lat' dir='ltr'>Dauid</span> <span class='ocrx_word' id='word_1_4' title='bbox 269 836 340 911; x_wconf 86' lang='lat' dir='ltr'>fuit,</span> <span class='ocrx_word' id='word_1_5' title='bbox 371 841 407 901; x_wconf 91' lang='lat' dir='ltr'>ut</span> <span class='ocrx_word' id='word_1_6' title='bbox 430 838 498 919; x_wconf 89' lang='lat' dir='ltr'>ipse</span> <span class='ocrx_word' id='word_1_7' title='bbox 524 856 618 911; x_wconf 90' lang='lat' dir='ltr'>suum</span> <span class='ocrx_word' id='word_1_8' title='bbox 644 841 783 903; x_wconf 74' lang='lat' dir='ltr'>cantaret</span> <span class='ocrx_word' id='word_1_9' title='bbox 809 837 1023 921; x_wconf 83' lang='lat' dir='ltr'>obprobrium,</span> <span class='ocrx_word' id='word_1_10' title='bbox 1046 836 1182 901; x_wconf 82' lang='lat' dir='ltr'>manime</span> <span class='ocrx_word' id='word_1_11' title='bbox 1209 856 1286 903; x_wconf 84' lang='lat' dir='ltr'>oum</span> 
     </span>
     <span class='ocr_line' id='line_1_3' title="bbox 136 943 1285 1029; baseline -0.001 -19"><span class='ocrx_word' id='word_1_12' title='bbox 136 947 204 1029; x_wconf 89' lang='lat' dir='ltr'>ipse</span> <span class='ocrx_word' id='word_1_13' title='bbox 232 947 264 1010; x_wconf 94' lang='lat' dir='ltr'>in</span> <span class='ocrx_word' id='word_1_14' title='bbox 292 945 353 1009; x_wconf 93' lang='lat' dir='ltr'>alio</span> <span class='ocrx_word' id='word_1_15' title='bbox 383 962 518 1027; x_wconf 87' lang='lat' dir='ltr'>quoque,</span> <span class='ocrx_word' id='word_1_16' title='bbox 544 944 597 1026; x_wconf 91' lang='lat' dir='ltr'>qui</span> <span class='ocrx_word' id='word_1_17' title='bbox 622 945 715 1009; x_wconf 90' lang='lat' dir='ltr'>bodie</span> <span class='ocrx_word' id='word_1_18' title='bbox 740 944 893 1009; x_wconf 83' lang='lat' dir='ltr'>decursus</span> <span class='ocrx_word' id='word_1_19' title='bbox 918 949 977 1022; x_wconf 88' lang='lat' dir='ltr'>est,</span> <span class='ocrx_word' id='word_1_20' title='bbox 1001 945 1123 1028; x_wconf 89' lang='lat' dir='ltr'>psalmo</span> <span class='ocrx_word' id='word_1_21' title='bbox 1149 943 1285 1009; x_wconf 82' lang='lat' dir='ltr'>dixerit:</span> 
     </span>
     <span class='ocr_line' id='line_1_4' title="bbox 136 1052 1286 1134; baseline 0 -18"><span class='ocrx_word' id='word_1_22' title='bbox 136 1072 348 1134; x_wconf 90' lang='lat' dir='ltr'>usquequo</span> <span class='ocrx_word' id='word_1_23' title='bbox 386 1056 644 1133; x_wconf 78' lang='lat' dir='ltr'>peccatores,</span> <span class='ocrx_word' id='word_1_24' title='bbox 682 1052 857 1126; x_wconf 91' lang='lat' dir='ltr'>domine,</span> <span class='ocrx_word' id='word_1_25' title='bbox 896 1068 1110 1132; x_wconf 87' lang='lat' dir='ltr'>usquequo</span> <span class='ocrx_word' id='word_1_26' title='bbox 1144 1069 1286 1133; x_wconf 86' lang='lat' dir='ltr'>pecca·</span> 
     </span>
     <span class='ocr_line' id='line_1_5' title="bbox 136 1157 1285 1242; baseline -0.001 -19"><span class='ocrx_word' id='word_1_27' title='bbox 136 1162 247 1223; x_wconf 85' lang='lat' dir='ltr'>tores</span> <span class='ocrx_word' id='word_1_28' title='bbox 281 1157 597 1242; x_wconf 84' lang='lat' dir='ltr'>gloriabuntur?</span> <span class='ocrx_word' id='word_1_29' title='bbox 632 1158 711 1222; x_wconf 90' lang='lat' dir='ltr'>alios</span> <span class='ocrx_word' id='word_1_30' title='bbox 741 1158 779 1222; x_wconf 91' lang='lat' dir='ltr'>de</span> <span class='ocrx_word' id='word_1_31' title='bbox 808 1163 937 1239; x_wconf 86' lang='lat' dir='ltr'>peccato</span> <span class='ocrx_word' id='word_1_32' title='bbox 967 1157 1094 1241; x_wconf 85' lang='lat' dir='ltr'>gloriari</span> <span class='ocrx_word' id='word_1_33' title='bbox 1122 1157 1285 1238; x_wconf 86' lang='lat' dir='ltr'>prohibet,</span> 
     </span>
     <span class='ocr_line' id='line_1_6' title="bbox 138 1263 1333 1348; baseline 0 -18"><span class='ocrx_word' id='word_1_34' title='bbox 138 1267 260 1348; x_wconf 90' lang='lat' dir='ltr'>etipse</span> <span class='ocrx_word' id='word_1_35' title='bbox 285 1265 381 1329; x_wconf 90' lang='lat' dir='ltr'>etiam</span> <span class='ocrx_word' id='word_1_36' title='bbox 406 1267 527 1329; x_wconf 83' lang='lat' dir='ltr'>sacrato</span> <span class='ocrx_word' id='word_1_37' title='bbox 553 1265 689 1330; x_wconf 87' lang='lat' dir='ltr'>carmine</span> <span class='ocrx_word' id='word_1_38' title='bbox 714 1265 892 1348; x_wconf 81' lang='lat' dir='ltr'>gloriatur?</span> <span class='ocrx_word' id='word_1_39' title='bbox 918 1264 1075 1348; x_wconf 92' lang='lat' dir='ltr'>quomodo</span> <span class='ocrx_word' id='word_1_40' title='bbox 1101 1263 1201 1347; x_wconf 79' lang='lat' dir='ltr'>igitur</span> <span class='ocrx_word' id='word_1_41' title='bbox 1219 1264 1287 1329; x_wconf 87' lang='lat' dir='ltr'>ista</span> <span class='ocrx_word' id='word_1_42' title='bbox 1319 1290 1333 1330; x_wconf 71' lang='grc' dir='ltr'>ε</span> 
     </span>
     <span class='ocr_line' id='line_1_7' title="bbox 138 1373 393 1456; baseline -0.012 -19"><span class='ocrx_word' id='word_1_43' title='bbox 138 1373 393 1456; x_wconf 77' lang='lat' dir='ltr'>distinguimus?</span> 
     </span>
    </p>

    <p class='ocr_par' dir='ltr' id='par_1_3' title="bbox 94 1477 1384 3263">
     <span class='ocr_line' id='line_1_8' title="bbox 94 1477 1287 1561; baseline 0.001 -19"><span class='ocrx_word' id='word_1_44' title='bbox 94 1481 114 1542; x_wconf 88' lang='lat'><strong>3</strong></span> <span class='ocrx_word' id='word_1_45' title='bbox 181 1481 259 1544; x_wconf 83' lang='lat' dir='ltr'>Esto</span> <span class='ocrx_word' id='word_1_46' title='bbox 300 1480 417 1559; x_wconf 89' lang='lat' dir='ltr'>tamen,</span> <span class='ocrx_word' id='word_1_47' title='bbox 459 1478 563 1542; x_wconf 90' lang='lat' dir='ltr'>Dauid</span> <span class='ocrx_word' id='word_1_48' title='bbox 608 1479 788 1561; x_wconf 85' lang='lat' dir='ltr'>petulanter</span> <span class='ocrx_word' id='word_1_49' title='bbox 833 1479 1002 1543; x_wconf 81' lang='lat' dir='ltr'>errauerit:</span> <span class='ocrx_word' id='word_1_50' title='bbox 1049 1477 1204 1561; x_wconf 89' lang='lat' dir='ltr'>numquid</span> <span class='ocrx_word' id='word_1_51' title='bbox 1254 1484 1287 1543; x_wconf 89' lang='lat' dir='ltr'>et</span> 
     </span>
     <span class='ocr_line' id='line_1_9' title="bbox 139 1584 1286 1669; baseline -0.002 -17"><span class='ocrx_word' id='word_1_52' title='bbox 139 1587 285 1652; x_wconf 85' lang='lat' dir='ltr'>Christus</span> <span class='ocrx_word' id='word_1_53' title='bbox 323 1585 450 1660; x_wconf 85' lang='lat' dir='ltr'>errauit,</span> <span class='ocrx_word' id='word_1_54' title='bbox 488 1588 525 1648; x_wconf 93' lang='lat' dir='ltr'>ut</span> <span class='ocrx_word' id='word_1_55' title='bbox 560 1590 711 1669; x_wconf 89' lang='lat' dir='ltr'>putemus</span> <span class='ocrx_word' id='word_1_56' title='bbox 750 1605 822 1650; x_wconf 89' lang='lat' dir='ltr'>eum</span> <span class='ocrx_word' id='word_1_57' title='bbox 863 1605 926 1650; x_wconf 91' lang='lat' dir='ltr'>non</span> <span class='ocrx_word' id='word_1_58' title='bbox 967 1587 1089 1649; x_wconf 90' lang='lat' dir='ltr'>rectum</span> <span class='ocrx_word' id='word_1_59' title='bbox 1130 1584 1286 1650; x_wconf 87' lang='lat' dir='ltr'>habuisse</span> 
     </span>
     <span class='ocr_line' id='line_1_10' title="bbox 138 1688 1286 1773; baseline -0.002 -17"><span class='ocrx_word' id='word_1_60' title='bbox 138 1691 318 1756; x_wconf 71' lang='lat' dir='ltr'>iudicium?</span> <span class='ocrx_word' id='word_1_61' title='bbox 346 1690 427 1753; x_wconf 91' lang='lat' dir='ltr'>bene</span> <span class='ocrx_word' id='word_1_62' title='bbox 456 1708 530 1773; x_wconf 85' lang='lat' dir='ltr'>ergo</span> <span class='ocrx_word' id='word_1_63' title='bbox 560 1690 650 1772; x_wconf 88' lang='lat' dir='ltr'>quasi</span> <span class='ocrx_word' id='word_1_64' title='bbox 680 1688 720 1754; x_wconf 89' lang='lat' dir='ltr'>ad</span> <span class='ocrx_word' id='word_1_65' title='bbox 749 1709 802 1754; x_wconf 89' lang='lat' dir='ltr'>eos</span> <span class='ocrx_word' id='word_1_66' title='bbox 831 1690 937 1754; x_wconf 91' lang='lat' dir='ltr'>Dauid</span> <span class='ocrx_word' id='word_1_67' title='bbox 963 1690 1057 1754; x_wconf 90' lang='lat' dir='ltr'>hodie</span> <span class='ocrx_word' id='word_1_68' title='bbox 1080 1690 1286 1772; x_wconf 82' lang='lat' dir='ltr'>prophetauit</span> 
     </span>
     <span class='ocr_line' id='line_1_11' title="bbox 139 1796 1384 1880; baseline 0.001 -18"><span class='ocrx_word' id='word_1_69' title='bbox 139 1797 266 1862; x_wconf 85' lang='lat' dir='ltr'>dicens:</span> <span class='ocrx_word' id='word_1_70' title='bbox 296 1796 537 1880; x_wconf 84' lang='lat' dir='ltr'>intellegite</span> <span class='ocrx_word' id='word_1_71' title='bbox 565 1796 816 1879; x_wconf 87' lang='lat' dir='ltr'>insipientes</span> <span class='ocrx_word' id='word_1_72' title='bbox 844 1801 882 1860; x_wconf 90' lang='lat' dir='ltr'>et</span> <span class='ocrx_word' id='word_1_73' title='bbox 906 1796 1031 1860; x_wconf 91' lang='lat' dir='ltr'>stulti</span> <span class='ocrx_word' id='word_1_74' title='bbox 1059 1796 1282 1878; x_wconf 90' lang='lat' dir='ltr'>aliquando</span> <span class='ocrx_word' id='word_1_75' title='bbox 1305 1809 1384 1863; x_wconf 70' lang='lat' dir='ltr'>aoros</span> 
     </span>
     <span class='ocr_line' id='line_1_12' title="bbox 139 1903 1286 1986; baseline 0.001 -19"><span class='ocrx_word' id='word_1_76' title='bbox 139 1905 284 1986; x_wconf 85' lang='lat' dir='ltr'>sapite.</span> <span class='ocrx_word' id='word_1_77' title='bbox 313 1903 470 1986; x_wconf 89' lang='lat' dir='ltr'>quomodo</span> <span class='ocrx_word' id='word_1_78' title='bbox 499 1903 584 1966; x_wconf 90' lang='lat' dir='ltr'>enim</span> <span class='ocrx_word' id='word_1_79' title='bbox 612 1903 758 1968; x_wconf 82' lang='lat' dir='ltr'>Christus</span> <span class='ocrx_word' id='word_1_80' title='bbox 788 1904 893 1986; x_wconf 91' lang='lat' dir='ltr'>potuit</span> <span class='ocrx_word' id='word_1_81' title='bbox 922 1906 1049 1967; x_wconf 83' lang='lat' dir='ltr'>errare?</span> <span class='ocrx_word' id='word_1_82' title='bbox 1073 1904 1121 1968; x_wconf 84' lang='lat' dir='ltr'>fas</span> <span class='ocrx_word' id='word_1_83' title='bbox 1144 1923 1206 1969; x_wconf 92' lang='lat' dir='ltr'>non</span> <span class='ocrx_word' id='word_1_84' title='bbox 1234 1908 1286 1970; x_wconf 89' lang='lat' dir='ltr'>est</span> 
     </span>
     <span class='ocr_line' id='line_1_13' title="bbox 140 2009 1283 2092; baseline 0.001 -19"><span class='ocrx_word' id='word_1_85' title='bbox 140 2020 177 2073; x_wconf 90' lang='lat' dir='ltr'>ut</span> <span class='ocrx_word' id='word_1_86' title='bbox 205 2011 263 2075; x_wconf 91' lang='lat' dir='ltr'>boc</span> <span class='ocrx_word' id='word_1_87' title='bbox 292 2010 323 2073; x_wconf 92' lang='lat' dir='ltr'>in</span> <span class='ocrx_word' id='word_1_88' title='bbox 353 2028 464 2075; x_wconf 88' lang='lat' dir='ltr'>sensus</span> <span class='ocrx_word' id='word_1_89' title='bbox 495 2012 619 2073; x_wconf 87' lang='lat' dir='ltr'>nostros</span> <span class='ocrx_word' id='word_1_90' title='bbox 652 2010 773 2077; x_wconf 86' lang='lat' dir='ltr'>ueniat.</span> <span class='ocrx_word' id='word_1_91' title='bbox 807 2010 874 2090; x_wconf 88' lang='lat' dir='ltr'>qui</span> <span class='ocrx_word' id='word_1_92' title='bbox 907 2009 1117 2092; x_wconf 85' lang='lat' dir='ltr'>plantuuit</span> <span class='ocrx_word' id='word_1_93' title='bbox 1149 2029 1283 2075; x_wconf 88' lang='lat' dir='ltr'>aurem</span> 
     </span>
     <span class='ocr_line' id='line_1_14' title="bbox 140 2115 1286 2198; baseline -0.001 -17"><span class='ocrx_word' id='word_1_94' title='bbox 140 2136 214 2181; x_wconf 93' lang='lat' dir='ltr'>non</span> <span class='ocrx_word' id='word_1_95' title='bbox 244 2115 359 2181; x_wconf 86' lang='lat' dir='ltr'>audit</span> <span class='ocrx_word' id='word_1_96' title='bbox 388 2120 456 2180; x_wconf 86' lang='lat' dir='ltr'>aut</span> <span class='ocrx_word' id='word_1_97' title='bbox 484 2115 551 2198; x_wconf 91' lang='lat' dir='ltr'>qui</span> <span class='ocrx_word' id='word_1_98' title='bbox 580 2115 703 2179; x_wconf 80' lang='lat' dir='ltr'>linxit</span> <span class='ocrx_word' id='word_1_99' title='bbox 732 2116 890 2179; x_wconf 87' lang='lat' dir='ltr'>oculum</span> <span class='ocrx_word' id='word_1_100' title='bbox 923 2134 996 2179; x_wconf 90' lang='lat' dir='ltr'>uon</span> <span class='ocrx_word' id='word_1_101' title='bbox 1021 2116 1286 2181; x_wconf 76' lang='lat' dir='ltr'>considerat?</span> 
     </span>
     <span class='ocr_line' id='line_1_15' title="bbox 141 2220 1284 2306; baseline -0.001 -18"><span class='ocrx_word' id='word_1_102' title='bbox 141 2224 207 2305; x_wconf 90' lang='lat' dir='ltr'>qui</span> <span class='ocrx_word' id='word_1_103' title='bbox 228 2222 403 2306; x_wconf 80' lang='lat' dir='ltr'>corripit</span> <span class='ocrx_word' id='word_1_104' title='bbox 423 2226 566 2306; x_wconf 86' lang='lat' dir='ltr'>gentes</span> <span class='ocrx_word' id='word_1_105' title='bbox 586 2240 660 2285; x_wconf 90' lang='lat' dir='ltr'>non</span> <span class='ocrx_word' id='word_1_106' title='bbox 680 2225 842 2305; x_wconf 84' lang='lat' dir='ltr'>arguet,</span> <span class='ocrx_word' id='word_1_107' title='bbox 863 2220 930 2303; x_wconf 87' lang='lat' dir='ltr'>qui</span> <span class='ocrx_word' id='word_1_108' title='bbox 950 2222 1284 2287; x_wconf 87' lang='lat' dir='ltr'>docetbomiuem</span> 
     </span>
     <span class='ocr_line' id='line_1_16' title="bbox 141 2329 1333 2419; baseline 0 -24"><span class='ocrx_word' id='word_1_109' title='bbox 141 2330 381 2395; x_wconf 81' lang='lat' dir='ltr'>scientiam?</span> <span class='ocrx_word' id='word_1_110' title='bbox 416 2329 563 2394; x_wconf 85' lang='lat' dir='ltr'>Christus</span> <span class='ocrx_word' id='word_1_111' title='bbox 597 2348 672 2411; x_wconf 84' lang='lat' dir='ltr'>ergo</span> <span class='ocrx_word' id='word_1_112' title='bbox 705 2330 899 2419; x_wconf 81' lang='lat' dir='ltr'>interrogare</span> <span class='ocrx_word' id='word_1_113' title='bbox 932 2329 1059 2411; x_wconf 84' lang='lat' dir='ltr'>culpam</span> <span class='ocrx_word' id='word_1_114' title='bbox 1092 2332 1124 2392; x_wconf 85' lang='lat' dir='ltr'>et-</span> <span class='ocrx_word' id='word_1_115' title='bbox 1155 2347 1333 2396; x_wconf 71' lang='lat' dir='ltr'>accusa-1⁵</span> 
     </span>
     <span class='ocr_line' id='line_1_17' title="bbox 140 2435 1286 2517; baseline -0.003 -14"><span class='ocrx_word' id='word_1_116' title='bbox 140 2439 260 2503; x_wconf 88' lang='lat' dir='ltr'>tionem</span> <span class='ocrx_word' id='word_1_117' title='bbox 291 2436 410 2500; x_wconf 88' lang='lat' dir='ltr'>iustam</span> <span class='ocrx_word' id='word_1_118' title='bbox 444 2437 551 2500; x_wconf 87' lang='lat' dir='ltr'>audire</span> <span class='ocrx_word' id='word_1_119' title='bbox 584 2436 738 2500; x_wconf 82' lang='lat' dir='ltr'>nescius?</span> <span class='ocrx_word' id='word_1_120' title='bbox 768 2435 912 2499; x_wconf 84' lang='lat' dir='ltr'>Christus</span> <span class='ocrx_word' id='word_1_121' title='bbox 941 2435 1149 2517; x_wconf 88' lang='lat' dir='ltr'>petulantiam</span> <span class='ocrx_word' id='word_1_122' title='bbox 1176 2437 1286 2517; x_wconf 89' lang='lat' dir='ltr'>potuit</span> 
     </span>
     <span class='ocr_line' id='line_1_18' title="bbox 141 2541 1285 2626; baseline -0.002 -19"><span class='ocrx_word' id='word_1_123' title='bbox 141 2544 337 2626; x_wconf 77' lang='lat' dir='ltr'>adprobare?</span> <span class='ocrx_word' id='word_1_124' title='bbox 359 2543 516 2620; x_wconf 85' lang='lat' dir='ltr'>Christus,</span> <span class='ocrx_word' id='word_1_125' title='bbox 537 2542 590 2625; x_wconf 93' lang='lat' dir='ltr'>qui</span> <span class='ocrx_word' id='word_1_126' title='bbox 610 2542 740 2624; x_wconf 85' lang='lat' dir='ltr'>corripit</span> <span class='ocrx_word' id='word_1_127' title='bbox 759 2545 879 2625; x_wconf 85' lang='lat' dir='ltr'>gentes,</span> <span class='ocrx_word' id='word_1_128' title='bbox 900 2541 1093 2624; x_wconf 84' lang='lat' dir='ltr'>arguendam</span> <span class='ocrx_word' id='word_1_129' title='bbox 1108 2541 1285 2606; x_wconf 87' lang='lat' dir='ltr'>adulteram</span> 
     </span>
     <span class='ocr_line' id='line_1_19' title="bbox 141 2647 1285 2734; baseline -0.003 -18"><span class='ocrx_word' id='word_1_130' title='bbox 141 2672 200 2716; x_wconf 87' lang='lat' dir='ltr'>uon</span> <span class='ocrx_word' id='word_1_131' title='bbox 225 2649 378 2734; x_wconf 86' lang='lat' dir='ltr'>putauit?</span> <span class='ocrx_word' id='word_1_132' title='bbox 397 2649 554 2730; x_wconf 63' lang='lat' dir='ltr'>Christus</span> <span class='ocrx_word' id='word_1_133' title='bbox 576 2650 629 2731; x_wconf 88' lang='lat' dir='ltr'>qui</span> <span class='ocrx_word' id='word_1_134' title='bbox 649 2649 740 2713; x_wconf 88' lang='lat' dir='ltr'>nouit</span> <span class='ocrx_word' id='word_1_135' title='bbox 758 2648 1010 2729; x_wconf 88' lang='lat' dir='ltr'>uniuscuiusque</span> <span class='ocrx_word' id='word_1_136' title='bbox 1029 2647 1132 2712; x_wconf 89' lang='lat' dir='ltr'>cordis</span> <span class='ocrx_word' id='word_1_137' title='bbox 1151 2647 1285 2723; x_wconf 86' lang='lat' dir='ltr'>interna,</span> 
     </span>
     <span class='ocr_line' id='line_1_20' title="bbox 142 2753 1370 2838; baseline 0 -18"><span class='ocrx_word' id='word_1_138' title='bbox 142 2756 307 2820; x_wconf 85' lang='lat' dir='ltr'>scientiam</span> <span class='ocrx_word' id='word_1_139' title='bbox 332 2755 424 2819; x_wconf 86' lang='lat' dir='ltr'>docet</span> <span class='ocrx_word' id='word_1_140' title='bbox 446 2754 537 2836; x_wconf 84' lang='lat' dir='ltr'>legis,</span> <span class='ocrx_word' id='word_1_141' title='bbox 563 2756 617 2818; x_wconf 87' lang='lat' dir='ltr'>aut</span> <span class='ocrx_word' id='word_1_142' title='bbox 640 2754 707 2818; x_wconf 87' lang='lat' dir='ltr'>falli</span> <span class='ocrx_word' id='word_1_143' title='bbox 732 2754 836 2838; x_wconf 90' lang='lat' dir='ltr'>potuit</span> <span class='ocrx_word' id='word_1_144' title='bbox 860 2757 961 2817; x_wconf 85' lang='lat' dir='ltr'>emoto</span> <span class='ocrx_word' id='word_1_145' title='bbox 986 2756 1042 2816; x_wconf 88' lang='lat' dir='ltr'>aut</span> <span class='ocrx_word' id='word_1_146' title='bbox 1065 2756 1174 2817; x_wconf 87' lang='lat' dir='ltr'>contra</span> <span class='ocrx_word' id='word_1_147' title='bbox 1199 2753 1283 2838; x_wconf 86' lang='lat' dir='ltr'>legis</span> <span class='ocrx_word' id='word_1_148' title='bbox 1348 2767 1370 2820; x_wconf 81' lang='grc' dir='ltr'>Β</span> 
     </span>
     <span class='ocr_line' id='line_1_21' title="bbox 142 2858 1330 2943; baseline 0.003 -17"><span class='ocrx_word' id='word_1_149' title='bbox 142 2863 256 2926; x_wconf 88' lang='lat' dir='ltr'>seriem</span> <span class='ocrx_word' id='word_1_150' title='bbox 279 2861 445 2925; x_wconf 82' lang='lat' dir='ltr'>iudicare?</span> <span class='ocrx_word' id='word_1_151' title='bbox 470 2863 502 2924; x_wconf 88' lang='lat' dir='ltr'>et</span> <span class='ocrx_word' id='word_1_152' title='bbox 527 2861 684 2941; x_wconf 91' lang='lat' dir='ltr'>quomodo</span> <span class='ocrx_word' id='word_1_153' title='bbox 708 2861 776 2943; x_wconf 89' lang='lat' dir='ltr'>ipse</span> <span class='ocrx_word' id='word_1_154' title='bbox 805 2861 901 2927; x_wconf 78' lang='lat' dir='ltr'>dixit:</span> <span class='ocrx_word' id='word_1_155' title='bbox 931 2879 1003 2923; x_wconf 93' lang='lat' dir='ltr'>non</span> <span class='ocrx_word' id='word_1_156' title='bbox 1033 2858 1125 2923; x_wconf 91' lang='lat' dir='ltr'>ueni</span> <span class='ocrx_word' id='word_1_157' title='bbox 1154 2858 1284 2943; x_wconf 84' lang='lat' dir='ltr'>legem</span> <span class='ocrx_word' id='word_1_158' title='bbox 1303 2890 1330 2929; x_wconf 79' lang='lat' dir='ltr'>oo</span> 
     </span>
     <span class='ocr_line' id='line_1_22' title="bbox 143 2964 1287 3049; baseline -0.003 -16"><span class='ocrx_word' id='word_1_159' title='bbox 143 2969 324 3043; x_wconf 84' lang='lat' dir='ltr'>soluere,</span> <span class='ocrx_word' id='word_1_160' title='bbox 372 2964 441 3030; x_wconf 88' lang='lat' dir='ltr'>sed</span> <span class='ocrx_word' id='word_1_161' title='bbox 488 2967 737 3049; x_wconf 78' lang='lat' dir='ltr'>adimplere?</span> <span class='ocrx_word' id='word_1_162' title='bbox 785 2966 947 3043; x_wconf 86' lang='lat' dir='ltr'>Christus,</span> <span class='ocrx_word' id='word_1_163' title='bbox 995 2965 1049 3048; x_wconf 89' lang='lat' dir='ltr'>qui</span> <span class='ocrx_word' id='word_1_164' title='bbox 1096 2964 1287 3032; x_wconf 85' lang='lat' dir='ltr'>condemnat</span> 
     </span>
     <span class='ocr_line' id='line_1_23' title="bbox 142 3071 1285 3158; baseline -0.001 -19"><span class='ocrx_word' id='word_1_165' title='bbox 142 3073 277 3151; x_wconf 84' lang='lat' dir='ltr'>occulta,</span> <span class='ocrx_word' id='word_1_166' title='bbox 306 3072 411 3154; x_wconf 90' lang='lat' dir='ltr'>potuit</span> <span class='ocrx_word' id='word_1_167' title='bbox 439 3072 640 3136; x_wconf 87' lang='lat' dir='ltr'>dissimulare</span> <span class='ocrx_word' id='word_1_168' title='bbox 664 3073 822 3158; x_wconf 79' lang='lat' dir='ltr'>uulgata?</span> <span class='ocrx_word' id='word_1_169' title='bbox 847 3072 1004 3149; x_wconf 69' lang='lat' dir='ltr'>Christus</span> <span class='ocrx_word' id='word_1_170' title='bbox 1030 3071 1084 3154; x_wconf 91' lang='lat' dir='ltr'>qui</span> <span class='ocrx_word' id='word_1_171' title='bbox 1107 3072 1184 3137; x_wconf 84' lang='lat' dir='ltr'>fecit</span> <span class='ocrx_word' id='word_1_172' title='bbox 1207 3078 1285 3138; x_wconf 90' lang='lat' dir='ltr'>teru-</span> 
     </span>
     <span class='ocr_line' id='line_1_24' title="bbox 142 3177 1285 3263; baseline 0.001 -20"><span class='ocrx_word' id='word_1_173' title='bbox 142 3198 228 3263; x_wconf 90' lang='lat' dir='ltr'>pora,</span> <span class='ocrx_word' id='word_1_174' title='bbox 256 3181 362 3261; x_wconf 89' lang='lat' dir='ltr'>potest</span> <span class='ocrx_word' id='word_1_175' title='bbox 390 3178 510 3241; x_wconf 83' lang='lat' dir='ltr'>nescire</span> <span class='ocrx_word' id='word_1_176' title='bbox 538 3180 704 3259; x_wconf 76' lang='lat' dir='ltr'>tempora?</span> <span class='ocrx_word' id='word_1_177' title='bbox 734 3179 787 3260; x_wconf 90' lang='lat' dir='ltr'>qui</span> <span class='ocrx_word' id='word_1_178' title='bbox 821 3179 910 3243; x_wconf 88' lang='lat' dir='ltr'>nouit</span> <span class='ocrx_word' id='word_1_179' title='bbox 944 3177 1152 3261; x_wconf 87' lang='lat' dir='ltr'>cogitationes</span> <span class='ocrx_word' id='word_1_180' title='bbox 1187 3198 1285 3244; x_wconf 89' lang='lat' dir='ltr'>uanas</span> 
     </span>
    </p>

    <p class='ocr_par' dir='ltr' id='par_1_4' title="bbox 98 3283 1371 3688">
     <span class='ocr_line' id='line_1_25' title="bbox 98 3283 1286 3361; baseline -0.002 -9"><span class='ocrx_word' id='word_1_181' title='bbox 98 3286 317 3361; x_wconf 84' lang='lat' dir='ltr'>4bominum,</span> <span class='ocrx_word' id='word_1_182' title='bbox 351 3303 409 3349; x_wconf 92' lang='lat' dir='ltr'>non</span> <span class='ocrx_word' id='word_1_183' title='bbox 443 3284 533 3348; x_wconf 88' lang='lat' dir='ltr'>nouit</span> <span class='ocrx_word' id='word_1_184' title='bbox 565 3284 661 3347; x_wconf 89' lang='lat' dir='ltr'>etiam</span> <span class='ocrx_word' id='word_1_185' title='bbox 696 3285 906 3350; x_wconf 75' lang='lat' dir='ltr'>criminosas?</span> <span class='ocrx_word' id='word_1_186' title='bbox 940 3290 971 3350; x_wconf 91' lang='lat' dir='ltr'>et</span> <span class='ocrx_word' id='word_1_187' title='bbox 1003 3283 1074 3349; x_wconf 91' lang='lat' dir='ltr'>ideo</span> <span class='ocrx_word' id='word_1_188' title='bbox 1108 3283 1187 3350; x_wconf 87' lang='lat' dir='ltr'>satis</span> <span class='ocrx_word' id='word_1_189' title='bbox 1219 3286 1286 3351; x_wconf 86' lang='lat' dir='ltr'>illis</span> 
     </span>
     <span class='ocr_line' id='line_1_26' title="bbox 142 3390 1331 3476; baseline 0.003 -20"><span class='ocrx_word' id='word_1_190' title='bbox 142 3411 329 3475; x_wconf 86' lang='lat' dir='ltr'>responsum</span> <span class='ocrx_word' id='word_1_191' title='bbox 354 3391 406 3467; x_wconf 92' lang='lat' dir='ltr'>sit,</span> <span class='ocrx_word' id='word_1_192' title='bbox 431 3390 486 3473; x_wconf 92' lang='lat' dir='ltr'>qui</span> <span class='ocrx_word' id='word_1_193' title='bbox 510 3409 583 3456; x_wconf 83' lang='lat' dir='ltr'>cum</span> <span class='ocrx_word' id='word_1_194' title='bbox 607 3395 780 3455; x_wconf 84' lang='lat' dir='ltr'>creatorem</span> <span class='ocrx_word' id='word_1_195' title='bbox 801 3412 914 3475; x_wconf 84' lang='lat' dir='ltr'>negare</span> <span class='ocrx_word' id='word_1_196' title='bbox 934 3412 994 3456; x_wconf 95' lang='lat' dir='ltr'>non</span> <span class='ocrx_word' id='word_1_197' title='bbox 1014 3391 1148 3474; x_wconf 88' lang='lat' dir='ltr'>possint,</span> <span class='ocrx_word' id='word_1_198' title='bbox 1168 3396 1287 3476; x_wconf 86' lang='lat' dir='ltr'>negant</span> <span class='ocrx_word' id='word_1_199' title='bbox 1305 3421 1331 3459; x_wconf 74' lang='lat' dir='ltr'>so</span> 
     </span>
     <span class='ocr_line' id='line_1_27' title="bbox 142 3497 1285 3581; baseline 0.001 -18"><span class='ocrx_word' id='word_1_200' title='bbox 142 3503 248 3564; x_wconf 89' lang='lat' dir='ltr'>tamen</span> <span class='ocrx_word' id='word_1_201' title='bbox 280 3498 455 3581; x_wconf 90' lang='lat' dir='ltr'>potentiam</span> <span class='ocrx_word' id='word_1_202' title='bbox 489 3497 650 3570; x_wconf 87' lang='lat' dir='ltr'>creatoris,</span> <span class='ocrx_word' id='word_1_203' title='bbox 689 3499 743 3579; x_wconf 89' lang='lat' dir='ltr'>qui</span> <span class='ocrx_word' id='word_1_204' title='bbox 782 3517 853 3562; x_wconf 90' lang='lat' dir='ltr'>cum</span> <span class='ocrx_word' id='word_1_205' title='bbox 892 3498 1080 3581; x_wconf 87' lang='lat' dir='ltr'>sapientiam</span> <span class='ocrx_word' id='word_1_206' title='bbox 1115 3497 1285 3568; x_wconf 84' lang='lat' dir='ltr'>fateantur.</span> 
     </span>
     <span class='ocr_line' id='line_1_28' title="bbox 142 3603 1371 3688; baseline 0.002 -18"><span class='ocrx_word' id='word_1_207' title='bbox 142 3605 355 3688; x_wconf 86' lang='lat' dir='ltr'>insipientiam</span> <span class='ocrx_word' id='word_1_208' title='bbox 385 3605 543 3679; x_wconf 85' lang='lat' dir='ltr'>adserunt,</span> <span class='ocrx_word' id='word_1_209' title='bbox 573 3603 737 3668; x_wconf 88' lang='lat' dir='ltr'>obiciendo</span> <span class='ocrx_word' id='word_1_210' title='bbox 767 3604 795 3669; x_wconf 90' lang='lat' dir='ltr'>ei</span> <span class='ocrx_word' id='word_1_211' title='bbox 824 3604 1059 3688; x_wconf 87' lang='lat' dir='ltr'>inprudentiam</span> <span class='ocrx_word' id='word_1_212' title='bbox 1091 3603 1285 3670; x_wconf 84' lang='lat' dir='ltr'>futurorum.</span> <span class='ocrx_word' id='word_1_213' title='bbox 1350 3617 1371 3673; x_wconf 80' lang='lat'>0</span> 
     </span>
    </p>
   </div>
   <div class='ocr_carea' id='block_1_3' title="bbox 143 3847 1285 4007">
    <p class='ocr_par' dir='ltr' id='par_1_5' title="bbox 143 3847 1285 4007">
     <span class='ocr_line' id='line_1_29' title="bbox 231 3847 1285 3903; baseline 0.001 -2"><span class='ocrx_word' id='word_1_214' title='bbox 231 3849 247 3901; x_wconf 74' lang='lat'>‘2</span> <span class='ocrx_word' id='word_1_215' title='bbox 267 3850 364 3903; x_wconf 86' lang='lat' dir='ltr'>Psalm.</span> <span class='ocrx_word' id='word_1_216' title='bbox 384 3849 582 3903; x_wconf 78' lang='lat' dir='ltr'>Lxxxxlrla</span> <span class='ocrx_word' id='word_1_217' title='bbox 675 3849 707 3901; x_wconf 87' lang='grc'>10</span> <span class='ocrx_word' id='word_1_218' title='bbox 727 3847 825 3902; x_wconf 87' lang='lat' dir='ltr'>Psalrn.</span> <span class='ocrx_word' id='word_1_219' title='bbox 846 3848 1008 3902; x_wconf 79' lang='lat' dir='ltr'>Lxxxxlss</span> <span class='ocrx_word' id='word_1_220' title='bbox 1028 3849 1044 3903; x_wconf 88' lang='lat'>8</span> <span class='ocrx_word' id='word_1_221' title='bbox 1132 3847 1164 3901; x_wconf 80' lang='lat' dir='ltr'>la</span> <span class='ocrx_word' id='word_1_222' title='bbox 1184 3849 1285 3902; x_wconf 84' lang='lat' dir='ltr'>Psalnr.</span> 
     </span>
     <span class='ocr_line' id='line_1_30' title="bbox 143 3937 707 4007; baseline 0 -18"><span class='ocrx_word' id='word_1_223' title='bbox 143 3937 306 3990; x_wconf 79' lang='lat' dir='ltr'>LXXXXIII</span> <span class='ocrx_word' id='word_1_224' title='bbox 325 3939 341 3991; x_wconf 87' lang='grc'>9</span> <span class='ocrx_word' id='word_1_225' title='bbox 361 3955 400 4007; x_wconf 89' lang='lat' dir='ltr'>sq.</span> <span class='ocrx_word' id='word_1_226' title='bbox 456 3938 490 3991; x_wconf 81' lang='grc'>20</span> <span class='ocrx_word' id='word_1_227' title='bbox 509 3937 608 3990; x_wconf 82' lang='lat' dir='ltr'>Mattlr.</span> <span class='ocrx_word' id='word_1_228' title='bbox 628 3939 653 3997; x_wconf 81' lang='lat'>5,</span> <span class='ocrx_word' id='word_1_229' title='bbox 676 3937 707 3989; x_wconf 78' lang='lat'>17</span> 
     </span>
    </p>
   </div>
   <div class='ocr_carea' id='block_1_4' title="bbox 144 4096 1290 4625">
    <p class='ocr_par' dir='ltr' id='par_1_6' title="bbox 144 4096 1290 4447">
     <span class='ocr_line' id='line_1_31' title="bbox 181 4096 1290 4184; baseline 0.005 -20"><span class='ocrx_word' id='word_1_230' title='bbox 181 4114 196 4164; x_wconf 79' lang='grc'>2</span> <span class='ocrx_word' id='word_1_231' title='bbox 223 4113 342 4182; x_wconf 88' lang='lat' dir='ltr'>psalmus</span> <span class='ocrx_word' id='word_1_232' title='bbox 361 4113 488 4166; x_wconf 73' lang='lat' dir='ltr'><strong><em>BDB‘P</em></strong></span> <span class='ocrx_word' id='word_1_233' title='bbox 508 4113 610 4181; x_wconf 86' lang='lat' dir='ltr'>psalmo</span> <span class='ocrx_word' id='word_1_234' title='bbox 632 4115 657 4177; x_wconf 78' lang='lat' dir='ltr'>(o</span> <span class='ocrx_word' id='word_1_235' title='bbox 676 4114 706 4166; x_wconf 77' lang='lat' dir='ltr'>iu</span> <span class='ocrx_word' id='word_1_236' title='bbox 726 4128 780 4167; x_wconf 82' lang='lat' dir='ltr'>rus.</span> <span class='ocrx_word' id='word_1_237' title='bbox 801 4118 857 4171; x_wconf 67' lang='lat' dir='ltr'>urb)</span> <span class='ocrx_word' id='word_1_238' title='bbox 882 4114 913 4166; x_wconf 84' lang='lat' dir='ltr'>T¹</span> <span class='ocrx_word' id='word_1_239' title='bbox 1022 4096 1185 4184; x_wconf 62' lang='lat' dir='ltr'>3⁷domine]</span> <span class='ocrx_word' id='word_1_240' title='bbox 1207 4102 1242 4169; x_wconf 71' lang='lat' dir='ltr'>de</span> <span class='ocrx_word' id='word_1_241' title='bbox 1264 4116 1290 4169; x_wconf 84' lang='grc' dir='ltr'><em>Τ</em></span> 
     </span>
     <span class='ocr_line' id='line_1_32' title="bbox 144 4201 1285 4270; baseline 0.002 -15"><span class='ocrx_word' id='word_1_242' title='bbox 144 4202 382 4270; x_wconf 69' lang='lat' dir='ltr'>digituronr.X</span> <span class='ocrx_word' id='word_1_243' title='bbox 486 4202 630 4255; x_wconf 80' lang='lat' dir='ltr'>&#39;ierruuit</span> <span class='ocrx_word' id='word_1_244' title='bbox 649 4201 705 4255; x_wconf 87' lang='lat' dir='ltr'>XN</span> <span class='ocrx_word' id='word_1_245' title='bbox 808 4203 840 4255; x_wconf 79' lang='lat'>12</span> <span class='ocrx_word' id='word_1_246' title='bbox 864 4204 956 4256; x_wconf 87' lang='lat' dir='ltr'>ueniat</span> <span class='ocrx_word' id='word_1_247' title='bbox 975 4203 1002 4255; x_wconf 94' lang='lat' dir='ltr'>in</span> <span class='ocrx_word' id='word_1_248' title='bbox 1022 4219 1116 4256; x_wconf 87' lang='lat' dir='ltr'>sensus</span> <span class='ocrx_word' id='word_1_249' title='bbox 1136 4206 1285 4258; x_wconf 83' lang='lat' dir='ltr'>nostrosll</span> 
     </span>
     <span class='ocr_line' id='line_1_33' title="bbox 145 4290 1287 4361; baseline 0.003 -17"><span class='ocrx_word' id='word_1_250' title='bbox 145 4292 177 4345; x_wconf 84' lang='lat' dir='ltr'>lo</span> <span class='ocrx_word' id='word_1_251' title='bbox 197 4292 302 4344; x_wconf 85' lang='lat' dir='ltr'>nescius</span> <span class='ocrx_word' id='word_1_252' title='bbox 325 4291 382 4344; x_wconf 76' lang='lat' dir='ltr'>TN</span> <span class='ocrx_word' id='word_1_253' title='bbox 395 4291 511 4343; x_wconf 87' lang='lat' dir='ltr'>nesciuit</span> <span class='ocrx_word' id='word_1_254' title='bbox 530 4297 577 4345; x_wconf 82' lang='lat' dir='ltr'>cet.</span> <span class='ocrx_word' id='word_1_255' title='bbox 652 4290 843 4344; x_wconf 68' lang='lat' dir='ltr'>rescientiae</span> <span class='ocrx_word' id='word_1_256' title='bbox 867 4291 923 4344; x_wconf 75' lang='lat' dir='ltr'>TN</span> <span class='ocrx_word' id='word_1_257' title='bbox 938 4293 965 4344; x_wconf 91' lang='lat' dir='ltr'>et</span> <span class='ocrx_word' id='word_1_258' title='bbox 983 4291 1124 4345; x_wconf 85' lang='lat' dir='ltr'>scientiam</span> <span class='ocrx_word' id='word_1_259' title='bbox 1144 4298 1201 4355; x_wconf 75' lang='lat' dir='ltr'>cei..</span> <span class='ocrx_word' id='word_1_260' title='bbox 1219 4294 1287 4361; x_wconf 76' lang='lat' dir='ltr'>sort.</span> 
     </span>
     <span class='ocr_line' id='line_1_34' title="bbox 147 4379 1288 4447; baseline 0.003 -15"><span class='ocrx_word' id='word_1_261' title='bbox 147 4380 393 4447; x_wconf 66' lang='lat' dir='ltr'>&lt;pannomiam</span> <span class='ocrx_word' id='word_1_262' title='bbox 481 4379 592 4433; x_wconf 83' lang='lat' dir='ltr'>errando</span> <span class='ocrx_word' id='word_1_263' title='bbox 613 4379 642 4431; x_wconf 81' lang='lat'>1)</span> <span class='ocrx_word' id='word_1_264' title='bbox 661 4384 749 4431; x_wconf 88' lang='lat' dir='ltr'>erratu</span> <span class='ocrx_word' id='word_1_265' title='bbox 770 4379 831 4431; x_wconf 79' lang='lat' dir='ltr'>PM</span> <span class='ocrx_word' id='word_1_266' title='bbox 892 4381 925 4433; x_wconf 67' lang='lat'>¹23</span> <span class='ocrx_word' id='word_1_267' title='bbox 945 4381 1047 4433; x_wconf 86' lang='lat' dir='ltr'>nescire</span> <span class='ocrx_word' id='word_1_268' title='bbox 1068 4381 1157 4434; x_wconf 83' lang='lat' dir='ltr'>onrrriu</span> <span class='ocrx_word' id='word_1_269' title='bbox 1175 4386 1195 4435; x_wconf 85' lang='lat' dir='ltr'>t.</span> <span class='ocrx_word' id='word_1_270' title='bbox 1216 4381 1288 4435; x_wconf 68' lang='grc' dir='ltr'>ΒΨ</span> 
     </span>
    </p>

    <p class='ocr_par' dir='ltr' id='par_1_7' title="bbox 144 4466 1289 4625">
     <span class='ocr_line' id='line_1_35' title="bbox 181 4466 1289 4536; baseline 0.002 -14"><span class='ocrx_word' id='word_1_271' title='bbox 181 4470 317 4522; x_wconf 91' lang='lat' dir='ltr'>bominum</span> <span class='ocrx_word' id='word_1_272' title='bbox 339 4466 464 4520; x_wconf 78' lang='lat' dir='ltr'>uanasX</span> <span class='ocrx_word' id='word_1_273' title='bbox 542 4468 576 4521; x_wconf 78' lang='lat' dir='ltr'>al</span> <span class='ocrx_word' id='word_1_274' title='bbox 597 4469 753 4520; x_wconf 75' lang='lat' dir='ltr'>criminosas.</span> <span class='ocrx_word' id='word_1_275' title='bbox 772 4468 819 4536; x_wconf 65' lang='lat' dir='ltr'>Dp</span> <span class='ocrx_word' id='word_1_276' title='bbox 839 4468 995 4521; x_wconf 88' lang='lat' dir='ltr'>criminosos</span> <span class='ocrx_word' id='word_1_277' title='bbox 1015 4476 1060 4523; x_wconf 81' lang='lat' dir='ltr'>ret.</span> <span class='ocrx_word' id='word_1_278' title='bbox 1170 4470 1210 4523; x_wconf 94' lang='lat' dir='ltr'>illi</span> <span class='ocrx_word' id='word_1_279' title='bbox 1236 4471 1289 4525; x_wconf 82' lang='lat' dir='ltr'>TN</span> 
     </span>
     <span class='ocr_line' id='line_1_36' title="bbox 144 4555 552 4625; baseline 0 -16"><span class='ocrx_word' id='word_1_280' title='bbox 144 4558 178 4609; x_wconf 75' lang='grc'>27</span> <span class='ocrx_word' id='word_1_281' title='bbox 199 4557 266 4610; x_wconf 86' lang='lat' dir='ltr'>ubic.</span> <span class='ocrx_word' id='word_1_282' title='bbox 287 4562 314 4610; x_wconf 89' lang='lat' dir='ltr'>et</span> <span class='ocrx_word' id='word_1_283' title='bbox 334 4555 552 4625; x_wconf 72' lang='lat' dir='ltr'>insipientianrp=</span> 
     </span>
    </p>
   </div>
   <div class='ocr_carea' id='block_1_5' title="bbox 0 0 1420 5168">
    <p class='ocr_par' dir='ltr' id='par_1_8' title="bbox 0 0 1420 5168">
     <span class='ocr_line' id='line_1_37' title="bbox 0 0 1420 5168; baseline 0 0"><span class='ocrx_word' id='word_1_284' title='bbox 0 0 1420 5168; x_wconf 95' lang='lat' dir='ltr'> </span> 
     </span>
    </p>
   </div>
  </div>
 </body>
</html>
