2804 5168
267 311 403 381 Apologia
417 311 508 365 Dauid
524 312 610 365 altera
624 316 649 367 6.
666 312 690 378 7,
705 312 747 368 34.
763 314 797 367 35
817 313 840 383 (l
856 314 908 366 718
924 313 1035 367 F—mo
1050 313 1092 384 F).
1198 318 1259 381 381

119 509 222 573 socios
251 507 335 570 bello
364 507 487 570 uideret
513 507 652 572 intentos
681 526 739 572 neo
768 507 952 572 domesticis
981 508 1013 571 in
1037 510 1262 587 tabernaculis,
1287 518 1308 574 (l

119 615 174 679 sed
202 614 232 677 in
261 614 470 695 proeliarilms
498 614 642 678 tentoriis
672 615 872 678 excubantes.
901 619 1012 696 postea
1040 616 1131 680 iussu
1160 616 1264 680 Dauid

119 724 149 785 iu
177 722 296 785 bellum
324 724 509 784 reuocatum
538 720 597 784 sub
627 740 663 784 ea
690 722 921 804 praeceptione,
947 724 983 785 ut
1007 722 1187 787 obiceretur
1210 723 1265 787 ad-

120 828 268 892 uersariis
282 826 502 899 bellatoribus,
518 846 579 908 quo
599 831 700 890 morte
719 827 781 890 uiri
800 828 933 892 liberam
954 829 1077 911 copiam
1096 829 1265 911 potiendae

87 934 263 998 anrulieris
291 952 343 996 rex
371 933 511 995 haberet.
542 952 558 997 e
601 933 653 997 bic
681 934 833 998 nonnulla
857 938 907 997 est
930 935 1053 1016 peccati
1076 935 1267 1000 uerecundia

120 1047 151 1106 et
180 1040 281 1124 pudor
309 1039 430 1120 culpae,
460 1039 544 1120 quod
571 1039 726 1103 latebram
755 1041 914 1121 quaesiuit
938 1043 1051 1106 erroris
1075 1045 1107 1106 et
1129 1042 1265 1107 iniustae

120 1149 205 1212 necis
235 1166 296 1210 non
324 1145 545 1209 auctoritatem
575 1145 636 1209 sibi
661 1145 727 1210 iure
750 1146 856 1230 regiae
880 1150 1050 1229 potestatis
1076 1149 1265 1231 adsumpsit,

121 1255 176 1319 sed
208 1252 363 1317 inuidiam
396 1252 577 1316 declinanit.
612 1253 738 1335 culpam
770 1253 882 1331 fateor,
912 1255 967 1318 sed
995 1255 1189 1320 tolerabilior
1217 1258 1268 1319 est

122 1381 201 1444 (puae
230 1359 421 1423 uerecundia
447 1360 602 1441 premitur
629 1379 723 1441 quam
752 1379 832 1442 quae
861 1360 1030 1425 insolentia
1057 1362 1266 1444 praedicatur.
1285 1373 1311 1426 Ι)

78 1471 267 1531 inmortuus
292 1469 342 1529 est
364 1465 463 1549 igitur
486 1466 542 1530 Uri
564 1465 773 1530 bellatoribus
798 1466 953 1545 obiectus,
979 1467 1035 1532 sed
1053 1471 1165 1550 postea
1183 1469 1267 1532 idem

122 1575 176 1657 qni
205 1593 277 1637 eum
305 1575 502 1655 peremerant
525 1573 616 1637 iussu
641 1573 745 1637 Dauid
769 1579 950 1658 expugnata
973 1575 1050 1639 urbe
1075 1578 1151 1638 sunt
1172 1576 1268 1640 inter-

123 1681 230 1762 empti.
255 1681 334 1744 haec
358 1683 407 1744 est
425 1679 577 1744 historiae
597 1680 706 1758 series,
725 1680 757 1744 in
778 1699 840 1763 qua
858 1681 1013 1763 profunda
1031 1682 1108 1746 licet
1127 1686 1268 1764 spectare

121 1787 282 1872 mysteria.

10 1898 75 1979 ,35
167 1897 208 1958 Et
236 1893 384 1977 quoniam
408 1893 514 1957 Dauid
542 1911 602 1957 non
632 1892 864 1958 defendendum
888 1932 932 1941 —-
956 1914 1057 1976 neque
1086 1895 1169 1958 enim
1197 1914 1267 1960 meo
1291 1905 1313 1959 Ε

80 2023 105 2061 u
124 2006 196 2085 eget
225 2000 339 2065 auxilio
363 2038 417 2076 —‚
442 1999 498 2063 sed
526 1999 739 2064 excusandum
769 2000 950 2082 excepimus
975 2002 1027 2065 uel
1049 2001 1157 2081 potius
1181 2020 1269 2085 prae-

124 2108 304 2182 dicandum,
328 2127 366 2170 ne
389 2106 421 2170 in
444 2109 532 2170 tanto
552 2107 775 2189 mysteriorum
794 2107 949 2188 profundo
971 2107 1127 2186 uacillem
1147 2109 1269 2172 iustum

125 2220 174 2279 est
201 2218 238 2278 ut
261 2215 329 2278 eius
354 2232 407 2277 ore
430 2217 511 2289 utar,
536 2213 628 2276 cuins
653 2216 726 2276 utor
748 2213 893 2278 historia.
919 2217 990 2278 utar
1013 2213 1114 2297 igitur
1136 2214 1269 2297 prophe·

126 2323 189 2386 tico
214 2320 413 2403 responsorio
438 2320 566 2384 dicens:
591 2339 653 2384 cor·
681 2319 856 2384 mumdum
885 2339 968 2384 crea
995 2320 1031 2383 in
1060 2340 1129 2399 me,
1159 2321 1267 2400 dene,

126 2432 162 2492 et
194 2428 374 2510 spiritum
407 2431 550 2491 rectum
583 2427 722 2492 inuoua
754 2427 790 2490 in
820 2427 1038 2491 uisceribus
1067 2427 1148 2491 mei.
1177 2447 1269 2492 nemo

81 2556 107 2593 m
126 2536 208 2599 eninr
247 2536 313 2599 sine
351 2534 483 2615 spiritus
521 2535 622 2598 soracti
660 2534 818 2598 infusione
850 2536 957 2600 tantos
991 2533 1091 2598 diuini
1123 2553 1270 2599 recessus

126 2645 231 2724 potest
251 2644 393 2723 spectare
412 2641 567 2723 mysterii.
588 2641 703 2705 etenim
724 2641 750 2704 si
770 2641 823 2704 ille
843 2643 951 2704 tantus
965 2641 1120 2722 propheta
1138 2640 1270 2722 spiritus
1294 2653 1316 2706 F

127 2748 226 2813 sancti
254 2748 336 2828 petit
365 2748 426 2811 sibi
453 2767 571 2811 munus
599 2746 733 2821 infundi,
762 2747 838 2830 quid
866 2749 968 2812 facere
991 2748 1135 2813 infirmus
1160 2747 1270 2824 debeo,

128 2874 200 2918 cum
234 2853 417 2936 praesertim
452 2853 547 2918 etiam
581 2855 747 2936 apostolus
781 2858 912 2918 sanctus
944 2855 1054 2938 populi
1083 2875 1208 2938 quoque
1237 2875 1271 2919 se

127 2964 214 3043 petat
236 2960 383 3043 precibus
407 2961 560 3037 adiuuari,
585 2963 622 3025 ut
645 2961 674 3024 ei
698 2960 857 3044 aperiatur
881 2962 1000 3027 ostium
1020 2961 1270 3045 adloquendum

219 3188 250 3240 18
269 3186 368 3239 Psalm.
387 3186 409 3239 L
431 3186 463 3239 12
518 3187 552 3240 23
572 3183 673 3240 Coloss.
693 3186 719 3247 4,
739 3186 755 3239 3

165 3331 177 3382 l
199 3329 272 3381 bello
295 3327 355 3391 TN,
375 3344 426 3380 our.
442 3333 488 3381 cct.
558 3328 573 3380 3
592 3326 694 3380 bellum
712 3326 811 3394 scripsi
827 3325 900 3378 bello
924 3325 980 3378 TN
994 3325 1066 3378 bella
1085 3332 1132 3380 cot.
1188 3328 1205 3379 4
1225 3345 1272 3395 po-

129 3417 276 3487 tiundae-p
353 3415 440 3468 lsibi
458 3432 478 3468 s,
498 3415 574 3468 u.T
649 3412 774 3466 Siateor
795 3413 852 3466 TN
866 3413 969 3465 fatetur
988 3419 1035 3466 cct.
1109 3415 1274 3482 9premitur

130 3506 291 3559 uerecundia
309 3506 333 3558 X
402 3506 434 3558 lO
451 3504 492 3557 uri
515 3503 568 3556 TN
588 3503 639 3556 uiri
658 3502 694 3555 N
711 3503 776 3555 uiris
795 3502 915 3554 Durius
935 3506 981 3554 cet.
1053 3503 1083 3555 11
1104 3505 1273 3571 peremerant

134 3595 187 3647 TN
204 3597 374 3664 peremerunt
392 3599 439 3647 ccl.
547 3593 681 3661 perempti
699 3591 765 3645 DB‘
784 3591 920 3645 interiecti
938 3592 965 3644 B
1070 3592 1101 3645 15
1122 3592 1273 3660 excepimus

129 3684 227 3750 screbat
246 3683 391 3752 excipimus
414 3682 467 3736 TN
484 3681 628 3750 recipimus
649 3686 695 3737 cet.
788 3682 820 3735 16
839 3684 946 3733 tantum
969 3684 1047 3750 myst.
1069 3679 1226 3750 profundum
1250 3681 1275 3733 Τ

129 3776 235 3826 tautum
255 3772 415 3841 profundum
435 3774 512 3840 uryst.
533 3771 563 3823 N
617 3772 649 3824 17
668 3769 827 3840 prophetico
847 3771 1015 3839 responsorio
1035 3769 1091 3822 TN
1105 3770 1274 3838 responsorio

131 3861 288 3930 prophetico
309 3868 355 3915 cet.
395 3861 426 3913 19
447 3865 474 3913 et
498 3859 615 3917 TBDN.
635 3876 685 3913 om.
707 3864 753 3912 ccl.
810 3860 900 3927 nemo]
920 3874 1007 3928 neque
1026 3859 1096 3910 B¹P¹
1138 3859 1274 3911 2¹lsancti

131 3951 240 4018 spiritus
255 3950 354 4002 BB¹P¹
408 3952 500 4002 tantos
517 3948 573 4001 TN
589 3949 659 4001 tanti
674 3948 764 4001 BPJI
780 3948 865 4001 tantis
884 3949 914 4001 T·
933 3952 1013 4001 tanta
1031 3948 1131 4001 DB‘P¹
1168 3949 1199 4000 21
1216 3964 1274 4017 ruy-

132 4040 207 4091 sterii
231 4039 286 4092 TN
301 4039 428 4107 mysteria
447 4043 493 4091 cet.
550 4039 583 4090 22
603 4037 655 4089 sibi
674 4037 780 4107 petit]
840 4039 947 4105 nunnus}
969 4036 1039 4090 dona
1057 4037 1127 4089 ΒΨ
1190 4035 1275 4089 debeo

135 4129 189 4180 TN
208 4128 307 4181 debeat
326 4133 372 4181 cet.
428 4129 462 4180 ‘23
482 4144 587 4196 quoquc
607 4143 657 4179 orn.
678 4126 738 4179 DN
791 4127 825 4182 24
844 4130 921 4196 petat
939 4126 971 4178 N
987 4129 1066 4196 putat
1084 4126 1111 4179 B
1129 4127 1209 4195 putet
1226 4130 1274 4179 cet.

163 4218 274 4269 *ostium
294 4217 322 4282 (b
343 4222 373 4270 ut
392 4214 502 4269 uidetur
520 4222 600 4278 eros.)
625 4215 649 4267 Τ
