2804 5168
79 39 1398 280 m

173 661 238 724 570
371 678 374 685 ¹
647 655 844 710 Ambrosii

173 854 255 918 euim
291 872 351 917 uon
384 870 535 935 personae
566 851 792 929 obtrectamus,
826 852 882 917 sed
914 853 1077 920 auaritiae.
1115 873 1173 918 nee
1212 853 1325 918 fefellit

174 960 289 1024 dixisse
314 959 448 1042 aliquos,
474 977 547 1023 cum
572 962 643 1023 aute
667 959 727 1023 hoc
751 958 884 1023 biduum
906 961 1063 1025 tractatus
1086 964 1197 1026 noster
1215 980 1322 1026 eorum

173 1065 417 1148 conpuncrisset
443 1064 607 1129 affectum:
632 1065 719 1147 ‘quid
747 1065 808 1129 sibi
835 1065 941 1130 uoluit
968 1066 1138 1150 episcopus
1167 1067 1323 1133 aduersus

173 1174 383 1238 faeneratores
425 1174 570 1248 tractare,
612 1173 703 1254 quasi
740 1191 859 1236 nouum
899 1172 1016 1255 aliquid
1055 1173 1234 1239 admissum
1271 1174 1323 1250 sit,

174 1277 266 1361 quasi
294 1277 326 1341 id
354 1296 414 1341 non
444 1277 540 1342 etiam
569 1279 747 1360 superiores
776 1278 918 1355 iecerint,
947 1278 1038 1361 quasi
1066 1297 1128 1343 nou
1155 1284 1254 1345 uetus
1282 1280 1325 1344 sit
1350 1305 1362 1345 r

173 1384 366 1450 faenerare?
387 1405 497 1449 uorum
523 1388 650 1450 estnec
674 1404 733 1469 ego
757 1386 872 1464 abnuo,
891 1386 948 1450 sed
972 1388 1005 1450 et
1028 1385 1122 1469 culpa
1144 1391 1240 1451 uetus
1265 1391 1323 1452 est.
1380 1387 1396 1444 0

174 1491 309 1573 denique
333 1496 499 1575 peccatum
528 1493 566 1556 ab
590 1491 702 1570 Adam,
727 1512 762 1557 ex
785 1492 841 1557 illo
866 1493 970 1576 eulpa,
995 1512 1032 1556 ex
1050 1512 1113 1575 quo
1138 1496 1172 1557 et
1190 1494 1270 1569 Eua,
1289 1514 1322 1559 er

173 1598 228 1663 illo
252 1598 491 1681 praeuaricatio,
516 1617 638 1681 exque
663 1602 695 1663 et
716 1599 855 1663 humana
879 1598 1033 1664 condicio.
1059 1599 1116 1664 sed
1138 1599 1212 1664 ideo
1237 1599 1323 1665 Chri-

175 1709 244 1769 stus
275 1704 413 1774 aduenit.
442 1707 479 1768 ut
507 1705 683 1770 inueterata
711 1705 861 1783 aboleret,
889 1724 972 1770 noua
1000 1705 1158 1782 conderet,
1184 1710 1217 1770 et
1244 1726 1323 1790 quae

174 1811 408 1875 inueterauerat
436 1813 531 1895 eulpa
553 1817 718 1877 renouaret
741 1812 852 1895 gratia,
877 1811 948 1876 ideo
972 1830 1006 1876 se
1029 1812 1172 1895 passioni
1197 1814 1323 1896 optulit,
1341 1839 1363 1877 ro

176 1922 212 1982 ut
239 1922 405 1982 renouaret
432 1917 547 2001 spiritu
576 1921 607 1980 et
635 1917 815 1983 absolueret
844 1917 1020 1996 uniuersos,
1045 1918 1193 1983 diabolus
1219 1924 1322 1984 autem

176 2025 274 2088 Euam
305 2024 441 2106 decepit,
468 2028 506 2089 ut
533 2024 753 2107 subplantaret
779 2024 895 2102 uirum,
925 2025 1080 2110 obligaret
1102 2025 1322 2090 hereditatem.

123 2130 251 2214 89quid
289 2131 499 2195 faeneratores
536 2131 677 2196 iaciunt?
715 2131 878 2215 decipiunt
914 2132 1142 2210 defaeneratos,
1181 2132 1326 2217 obligant
1375 2133 1394 2188 Ι)

175 2237 387 2302 fideiussores.
413 2237 468 2300 sed
492 2255 553 2301 non
577 2237 691 2301 Tobios
714 2237 831 2322 pignus
851 2238 1012 2321 quaesiuit
1029 2242 1086 2303 aut
1104 2238 1322 2304 fideiussorem

173 2345 329 2428 poposcit.
364 2343 552 2409 currendum
586 2347 635 2409 est
666 2344 774 2429 igitur,
799 2347 836 2408 ut
858 2344 1077 2410 fideiussorem
1104 2344 1260 2428 requiras,
1288 2348 1324 2408 ut
1340 2370 1361 2410 a

174 2471 245 2516 eum
276 2451 340 2515 tuis
368 2450 549 2514 nominibus
579 2451 769 2536 obstringas.
800 2471 872 2516 ecce
900 2454 1028 2533 paratur
1055 2452 1136 2516 alter
1163 2451 1321 2516 inimicus.

173 2579 244 2623 nam
274 2578 346 2623 cum
374 2562 410 2623 tu
438 2578 499 2624 non
529 2557 677 2622 habueris
707 2558 790 2622 uude
820 2558 961 2623 debitum
987 2559 1106 2636 soloas,
1130 2558 1187 2622 ille
1210 2577 1267 2640 pro
1290 2562 1322 2622 te

172 2665 341 2730 tenebitur.
366 2665 537 2729 inuenietis
561 2665 591 2728 iu
617 2684 654 2728 eo
679 2665 913 2730 circumuentor
935 2669 968 2730 et
987 2665 1087 2744 fallas,
1108 2666 1164 2748 qui
1184 2665 1321 2730 amicum

173 2772 344 2855 deceperis.
368 2772 423 2835 ille
447 2771 628 2848 nudabitur,
652 2770 707 2834 ille
730 2790 786 2852 pro
810 2775 842 2836 te
865 2771 896 2835 in
925 2771 1032 2836 uincla
1060 2770 1206 2848 ducetur,
1230 2772 1320 2836 illum

173 2880 348 2964 grauiorem
383 2880 558 2943 exactorem
590 2878 743 2943 creditore
767 2878 908 2961 patieris,
937 2878 990 2961 qui
1020 2877 1152 2961 alleget:
1178 2878 1320 2943 ‘stimula
1336 2903 1359 2943 ao

172 2987 274 3050 ciuem
299 2989 402 3059 turim,
427 3003 519 3066 quem
545 2983 765 3066 spopondisti)
787 2985 832 3048 ita
855 2985 919 3062 fiet,
943 2988 981 3049 ut
1002 2985 1072 3067 ipse
1099 3004 1227 3067 qnoque
1251 3003 1319 3049 esse
1373 2982 1392 3039 Ε

171 3091 304 3174 incipias
329 3091 471 3174 ingratus
496 3094 528 3154 et
550 3093 727 3171 praetereas
750 3090 830 3154 illud
854 3091 938 3173 quod
962 3091 1116 3174 scriptum
1141 3095 1206 3156 est:
1237 3110 1319 3177 gra·

172 3199 270 3262 tiam
308 3197 623 3279 repromissoris
661 3217 705 3262 ue
744 3197 1034 3274 obliuiscaris;
1069 3197 1186 3262 dedit
1217 3198 1317 3263 euim

261 3390 276 3441 9
295 3388 377 3448 Hebr.
397 3390 422 3451 8,
445 3390 477 3442 13
533 3388 563 3440 11
582 3389 750 3457 Augustinus
770 3393 864 3442 eontra
882 3389 933 3446 lul
952 3388 1046 3457 Pelag.
1066 3389 1117 3450 13,
1135 3389 1168 3442 10
1185 3387 1318 3453 (diabolus

225 3477 416 3543 hereditatem)
479 3476 597 3529 14101).
619 3478 642 3541 1,
664 3478 695 3529 11
716 3478 786 3543 (lim
804 3479 831 3541 4,
850 3478 885 3532 20
905 3476 962 3546 (21)
1016 3478 1051 3530 22
1071 3477 1122 3533 Sir.
1143 3478 1187 3538 29,
1210 3479 1243 3531 15
1263 3478 1317 3541 (20)

208 3603 220 3655 1
242 3602 315 3655 follit
333 3601 388 3655 ΡΒ
406 3601 480 3654 fallit
501 3600 524 3653 0
594 3601 610 3653 2
631 3601 671 3663 ait
689 3601 795 3669 aliquos
818 3602 844 3654 V
918 3602 934 3655 3
954 3602 1156 3669 compunxisset
1179 3600 1320 3656 VDP‘YG

208 3693 307 3745 affectu
326 3691 354 3743 P
406 3690 598 3743 irremissum
618 3689 644 3741 V
695 3688 889 3742 9oboleritP
942 3690 976 3744 10
995 3689 1317 3758 optulitPobtulitect

173 3782 202 3832 11
224 3785 368 3832 renouaret
391 3778 417 3831 T
434 3782 473 3832 (et
491 3781 538 3830 ur3
556 3795 589 3831 ec
608 3782 679 3844 etur)
699 3793 888 3830 renouaremur
912 3778 937 3830 V
953 3782 1130 3832 redonaretur
1148 3784 1197 3833 cet.
1293 3781 1318 3831 et

171 3869 234 3921 ΒΡ
254 3872 284 3922 ut
303 3873 350 3920 cet.
442 3867 592 3919 obsoluerit
610 3865 637 3917 P
727 3868 760 3920 12
784 3866 972 3937 subplantaret
990 3866 1047 3920 PV
1063 3868 1256 3937 supplantaret
1274 3873 1317 3921 cet.

173 3957 205 4010 13
224 3956 328 4010 faciant
341 3957 368 4009 Β
387 3956 493 4010 faciunt
512 3960 572 4021 (unt
590 3957 622 4009 ia
639 3972 696 4009 ras.
712 3959 769 4021 md)
788 3955 813 4008 Τ
884 3955 1023 4026 decipiunt
1036 3957 1101 4010 DP‘
1120 3957 1262 4027 decipiant
1273 3961 1317 4011 cet.

207 4045 405 4114 defaeneratosl
426 4045 610 4099 foeneratores
624 4045 652 4097 Β
671 4046 834 4114 feneratores
853 4045 878 4098 T
933 4048 965 4100 15
984 4045 1156 4100 fidesiussore
1172 4052 1197 4111 (s
1207 4064 1253 4116 pr.
1269 4046 1317 4099 del.

171 4141 196 4189 et
215 4141 228 4187 e
248 4151 281 4188 ea·
300 4140 338 4203 es)
357 4135 385 4186 P
453 4136 485 4188 16
506 4134 705 4202 adstringasC
772 4135 803 4186 17
822 4138 853 4187 tu
873 4150 924 4188 our.
943 4134 1008 4188 ΒΡ*
1073 4135 1107 4189 18
1125 4134 1321 4189 inuenietisV

170 4223 300 4276 inueniris
320 4231 366 4278 cel.
435 4223 514 4277 fallas
533 4224 561 4275 P
577 4223 659 4276 fallax
678 4229 726 4276 eet.
795 4223 860 4291 quia
882 4223 909 4275 V
963 4223 994 4277 19
1014 4222 1146 4292 deciperis
1166 4224 1195 4276 P
1261 4224 1317 4277 uiu-

172 4312 231 4365 eula
250 4312 372 4365 BDPT
418 4313 452 4365 20
473 4311 645 4365 creditores.
665 4327 691 4364 u.
708 4312 736 4363 P
788 4311 890 4380 alleget
908 4313 1008 4380 tempsi
1027 4311 1125 4381 allegit
1141 4312 1200 4366 ΡΤ
1216 4313 1319 4382 allegat

170 4402 234 4455 Dp
252 4403 339 4471 alegit
357 4402 383 4454 V
397 4402 494 4470 alliget
511 4402 535 4455 0
552 4401 680 4467 alligauit
694 4401 721 4453 B
793 4401 918 4454 stimulat
936 4404 960 4469 (t
979 4401 1029 4454 alt.
1045 4400 1108 4467 del.)
1123 4401 1151 4453 P
1168 4401 1319 4455 stimuloB

171 4497 195 4543 et
216 4496 242 4555 (ο
262 4507 295 4545 cc
314 4491 446 4559 ovam
498 4491 529 4543 21
554 4496 644 4553 etuem
664 4491 739 4554 (eis.
760 4494 863 4555 111112)
889 4490 1025 4544 Vautem
1046 4491 1183 4544 ciuemP‘
1259 4508 1320 4561 spo·

171 4579 306 4649 spondisti
331 4579 356 4631 T
425 4580 477 4649 ipsi
496 4579 605 4632 PVB'I'
659 4581 693 4633 22
712 4579 788 4632 illum
807 4579 836 4632 P
888 4581 921 4633 23
941 4579 1112 4649 promissoris
1130 4578 1159 4632 B
