2804 5168
202 707 262 773 XX
666 704 884 760 Praefatio.

203 901 307 966 tribus
340 901 419 965 14414
452 899 602 964 orationis
632 902 814 964 ornamenta
841 900 941 982 petita
969 902 1054 978 sunt,
1083 901 1159 976 477,
1188 903 1245 975 20;
1275 903 1351 981 480,

204 1008 261 1079 23;
287 1009 363 1085 500,
388 1009 440 1073 21.

248 1113 319 1179 Una
346 1112 606 1177 1441411Β441111
635 1112 832 1177 144441114-
856 1113 987 1177 alteram
1015 1113 1046 1177 in
1076 1115 1234 1196 psalmum
1259 1115 1353 1182 XIIII

205 1221 274 1286 dico
303 1258 346 1266 —
374 1219 562 1284 Ambrosius
602 1237 679 1282 usus
717 1223 766 1283 est
799 1219 829 1282 in
862 1219 972 1284 libello
1005 1220 1049 1283 do
1083 1221 1217 1299 Iohia,
1256 1241 1353 1304 qnam

204 1329 306 1392 totam
337 1326 402 1390 1414
435 1326 550 1408 partim
574 1324 613 1389 ad
635 1324 769 1389 uerbum
793 1344 975 1407 expressam
998 1327 1112 1408 partim
1137 1328 1351 1410 splendidiore

205 1433 384 1498 elocutione
408 1432 600 1497 illustratam
625 1431 656 1495 in
684 1433 875 1513 opusculum
904 1450 998 1496 suum
1026 1432 1156 1514 recepit.
1191 1452 1244 1498 sex
1271 1435 1353 1501 14414

203 1539 296 1605 114444
330 1558 366 1602 ex
395 1538 535 1622 Uergilio
569 1537 733 1620 decerptos
767 1539 901 1602 orationi
934 1557 1010 1604 suae
1038 1539 1181 1617 inseruit,
1210 1542 1287 1619 521,
1318 1541 1352 1618 7;

205 1646 279 1722 526,
304 1646 324 1709 6
349 1649 382 1709 41
408 1648 462 1719 11;
489 1645 564 1723 532,
593 1648 625 1719 1;
650 1646 726 1725 541,
752 1645 792 1708 12
818 1648 850 1708 41
876 1644 925 1719 19,
949 1662 1012 1709 414
1042 1643 1132 1728 (545,
1163 1643 1353 1721 7104114114

204 1752 324 1816 dictum
350 1770 384 1815 ex
409 1750 558 1816 Cicerone
581 1749 620 1814 04
644 1750 694 1815 off.
723 1751 755 1813 11
779 1751 821 1813 80
845 1750 972 1815 4014111.
995 1750 1107 1815 144041
1129 1751 1212 1816 hunc
1233 1751 1353 1816 librum

203 1857 406 1941 Augustinus
439 1861 547 1922 eontra
574 1856 634 1920 Iul.
663 1855 772 1937 Pelag.
806 1857 820 1919 l
854 1857 884 1933 3,
919 1858 970 1932 10,
995 1855 1033 1922 cf.
1067 1858 1097 1935 0,
1131 1857 1173 1921 32
1208 1856 1352 1922 14441411

204 1964 349 2043 duorum,
373 1965 448 2042 536,
475 1963 492 2026 7
517 1963 648 2033 41570,
675 1963 726 2040 11,
749 1962 908 2026 mentione
931 1962 1056 2028 iniecta.

249 2819 315 2882 lain
354 2815 393 2879 40
431 2833 498 2878 earm
536 2834 601 2878 rem
640 2833 719 2896 quae
753 2816 782 2878 in
816 2815 875 2880 hac
908 2815 1046 2879 editione
1080 2815 1270 2900 grauissima
1302 2823 1353 2882 441

206 2923 435 3007 adgrediamur,
459 2925 496 2984 ut
520 2920 683 2985 codicibus
709 2921 824 3003 quibus
849 2923 880 2986 iu
905 2923 1041 3006 singulis
1064 2922 1153 2986 libris
1177 2923 1351 2989 tractandis

204 3031 254 3095 usi
288 3048 399 3093 sumus
428 3026 618 3091 enumeratis
647 3030 680 3090 41
707 3026 875 3109 descriptis
906 3047 984 3110 quae
1013 3028 1056 3090 sit
1084 3046 1193 3092 eorum
1216 3027 1295 3092 fides
1320 3032 1353 3093 41

204 3137 376 3202 4441411144
410 3152 552 3217 quaeque
584 3134 666 3197 inter
699 3153 752 3198 444
785 3134 986 3198 necessitudo
1024 3134 1198 3199 intercedat
1235 3135 1352 3199 consti·

68 3267 176 3307 neruosa
205 3245 323 3307 tantur.
358 3261 452 3323 quarn
480 3261 544 3305 rem
574 3239 606 3304 in
634 3240 723 3304 libris
752 3241 796 3304 04
824 3240 943 3305 Iacob
974 3241 1161 3305 breuissime
1185 3240 1351 3307 absoluere

202 3351 287 3423 licet,
312 3367 383 3412 cum
408 3347 446 3410 de
471 3347 634 3412 codicibus
659 3366 737 3427 quos
763 3346 893 3410 adhibui
913 3347 943 3410 in
964 3347 1155 3429 praefatione
1175 3347 1350 3413 uoluminis

203 3455 296 3537 primi
324 3458 467 3518 accurate
496 3453 703 3535 exposuerim.
737 3453 854 3517 etenim
882 3454 1075 3517 recensionis
1108 3453 1350 3518 fundamentum

203 3563 277 3625 sunt
309 3560 651 3642 Audomaropolitanus
686 3559 727 3621 72
762 3577 843 3624 saec.
876 3558 968 3621 Vllll
1001 3557 1055 3642 (Α)
1090 3563 1122 3622 41
1153 3558 1249 3622 144144
1281 3559 1350 3623 4144

203 3668 359 3752 garnellus
391 3667 571 3730 Parisiacus
611 3667 696 3728 1013
726 3663 776 3749 (Ρ)
814 3665 923 3729 eodem
962 3665 1089 3730 4444414
1127 3665 1275 3747 scriptus.
1314 3683 1350 3730 ac

203 3775 297 3856 prior,
323 3792 512 3855 quamquam
537 3773 567 3835 in
593 3772 652 3835 hoc
678 3790 770 3852 opere
789 3790 848 3835 non
869 3775 991 3836 tantum
1013 3775 1164 3853 quantum
1185 3772 1216 3834 in
1237 3771 1350 3836 ceteris

204 3881 257 3961 qui
289 3885 424 3961 utroque
457 3879 657 3942 continentur
688 3878 778 3940 libris
811 3879 903 3941 alteri
936 3884 1085 3960 praestat,
1125 3882 1230 3942 tamen
1268 3878 1349 3943 14414

203 3986 334 4068 aliquot,
366 3985 469 4049 ueluti
505 3986 554 4051 10.
586 3985 618 4054 7ς
649 3985 701 4058 47,
733 3986 782 4059 10,
813 4002 977 4066 germanas
1001 3986 1173 4067 scripturas
1199 3984 1349 4048 seruauit.

203 4112 297 4173 quam
326 4093 365 4155 ob
393 4111 460 4155 rem
489 4090 580 4155 ualde
610 4089 779 4153 dolendum
808 4093 857 4152 441
886 4091 970 4171 quod
1002 4091 1063 4154 duo
1098 4090 1152 4175 (41.
1179 4112 1209 4173 p.
1244 4092 1285 4154 27
1319 4095 1350 4154 41

204 4198 259 4283 33)
283 4200 314 4262 14
341 4218 376 4263 44
401 4198 476 4262 folio
499 4195 725 4260 interciderunt
747 4215 830 4259 nunc
855 4215 948 4260 manu
973 4197 1145 4261 recentiore
1166 4197 1286 4260 saeculi
1305 4196 1350 4260 XI

204 4306 341 4370 ineuntis
367 4325 402 4369 ex
431 4303 537 4366 440144
563 4302 699 4383 quodam
728 4302 892 4365 deterioris
922 4306 1012 4366 notae
1042 4304 1199 4385 suppleta.
1233 4307 1350 4385 quanta

205 4416 310 4476 autem
340 4411 483 4476 codicum
508 4410 561 4473 ΑΡ
585 4407 709 4472 bonitas
739 4409 782 4472 411
809 4409 952 4490 inprimis
981 4429 1016 4473 en
1043 4410 1123 4473 14414
1148 4409 1348 4492 quibusdam,

204 4519 318 4599 quibus
347 4537 381 4581 ex
410 4536 517 4580 eorum
547 4516 734 4598 corruptelis
763 4515 928 4597 pristinam
952 4516 1119 4579 lectionem
1144 4515 1270 4578 restitui
1295 4515 1342 4595 (41

204 4627 256 4698 50,
288 4627 342 4698 10,
377 4626 429 4698 02,
462 4621 525 4708 14),
557 4623 706 4706 cognosci
733 4624 850 4705 potest.
886 4623 981 4684 ceteri
1010 4622 1145 4697 4401444,
1170 4621 1207 4684 04
1233 4622 1347 4703 quribus
