2804 5168
333 317 374 370 De
393 316 558 371 Patriarchis
579 317 619 380 10,
639 317 745 371 all-45
784 316 808 383 (I
826 319 878 372 525
898 318 1013 372 1)-526
1031 315 1073 385 Β).
1201 320 1265 384 149

119 512 288 586 entiun1;
316 510 550 592 replebitur
577 509 866 574 benedictione
901 528 919 574 a
952 509 1125 588 domino,
1159 529 1264 575 mare

119 624 157 683 et
180 617 363 681 Africum
386 615 623 700 possidebit
646 633 804 699 exponens
828 615 888 680 hoc
911 615 996 698 quod
1019 616 1113 680 Iacob
1133 616 1263 695 dixerat,

118 724 202 806 qnod
235 723 278 786 sit
310 722 387 786 uitis
420 721 564 798 remisso,
599 721 658 784 hoo
692 723 741 785 est
773 739 829 803 per
856 719 930 786 fidei
959 721 1095 805 gratiam
1124 722 1263 786 uinculis

117 830 229 894 mortis
259 833 382 893 erutus.
412 828 443 891 in
473 847 534 909 quo
560 826 761 910 significatur
783 827 921 909 populus
947 826 997 891 dei
1021 827 1061 892 ad
1083 827 1265 893 libertatem

81 937 190 1001 sfidei
223 939 255 1000 et
287 935 464 999 ubertatem
497 938 631 998 uocatus
665 934 795 1018 gratiae,
828 938 896 999 toto
931 935 1005 999 orbe
1034 935 1178 1011 diffusus,
1209 936 1263 1017 qni

115 1045 228 1127 iugum
254 1042 372 1107 Christi
396 1043 477 1106 bono
502 1042 608 1106 fructu
633 1041 753 1105 uestint
776 1046 808 1105 et
830 1042 918 1126 ligna
940 1060 1033 1106 uerae
1057 1042 1145 1106 illius
1175 1042 1263 1121 uitis,

116 1152 174 1214 hoc
191 1153 240 1214 est
253 1149 405 1232 mysteria
420 1148 595 1214 dominicae
611 1148 713 1212 crucis
729 1147 849 1213 ambiat
863 1167 920 1213 nec
930 1148 1043 1213 timeat
1053 1148 1262 1214 consessionis

116 1258 184 1320 eius
213 1257 401 1340 pericnlum,
430 1256 486 1320 sed
513 1255 615 1338 magis
645 1255 741 1319 etiam
768 1255 799 1319 in
830 1255 1104 1336 persecutionibus
1125 1249 1262 1337 'positus

42 1356 67 1416 :4
116 1363 235 1428 Christi
267 1364 392 1428 nomine
424 1362 589 1446 glorietur.
623 1362 675 1426 hic
708 1366 756 1426 est
788 1380 862 1426 uere
895 1362 1048 1426 remissus
1077 1382 1095 1426 a
1123 1362 1360 1426 uinculissaoa

69 1493 94 1531 ro
116 1471 171 1553 qui
196 1470 282 1534 uullo
307 1490 386 1533 nexu
411 1469 589 1535 formidinis
610 1469 760 1553 alligetur
777 1507 821 1514 —
841 1469 924 1533 uude
944 1473 976 1534 et
993 1469 1148 1552 propheta
1166 1468 1262 1533 dicit:

115 1578 284 1641 exibunt
307 1581 345 1640 et
369 1575 658 1659 tripudiabunt
682 1576 794 1639 siout
818 1575 945 1639 uituli
969 1576 1151 1640 resoluti
1181 1576 1262 1640 nin-

115 1685 221 1750 culis
242 1722 284 1731 —
303 1684 437 1764 ideoque
457 1684 488 1746 in
507 1683 647 1766 germine
662 1701 720 1747 suo
738 1682 881 1748 decorem
897 1683 1040 1766 porrigit,
1057 1684 1131 1764 quia
1144 1683 1175 1746 in
1188 1683 1260 1748 loco

114 1811 232 1874 pascuo
267 1791 451 1856 conlocatus
485 1795 517 1854 et
549 1810 644 1872 super
672 1808 787 1872 aquam
816 1789 971 1854 educatus
998 1790 1179 1855 refectionis
1207 1810 1262 1874 per

114 1902 311 1962 sacramenta
334 1898 580 1981 regenerationis
600 1917 676 1961 suae
696 1897 852 1980 germinat
870 1897 987 1961 bonum
1006 1897 1096 1961 uerbi
1116 1896 1260 1962 decorem

69 2025 94 2063 1⁵
114 2012 146 2070 et
165 2005 343 2070 adsumitur
361 2005 392 2068 in
412 2004 499 2068 illam
518 2004 762 2086 pulcherrimam
783 2003 901 2068 Christi
920 2003 1065 2087 gratiam,
1085 2004 1139 2086 qui
1152 2008 1260 2087 potest

46 2105 66 2166 5
113 2114 317 2175 uenustatem
340 2110 388 2174 tui
413 2110 534 2193 decoris
559 2129 684 2192 angere.
710 2109 844 2192 denique
868 2129 964 2193 snper
987 2129 1096 2174 omnes
1125 2109 1257 2175 decorus
1285 2119 1307 2173 B

114 2218 199 2301 quod
223 2218 319 2281 habet
342 2218 448 2294 doust,
474 2217 549 2299 qnia
572 2236 664 2280 nemo
688 2220 795 2298 potest
818 2215 932 2281 donare
957 2216 1042 2299 quod
1064 2235 1125 2281 non
1150 2217 1257 2296 habet,

113 2324 249 2406 ideoque
265 2324 386 2387 dictum
402 2327 469 2386 est:
486 2323 670 2387 dominus
686 2323 888 2407 regnauit,
909 2323 1091 2388 decorem
1110 2323 1256 2390 induit.

113 2431 217 2495 induit
249 2431 332 2494 enim
365 2430 510 2494 decorem
543 2430 696 2494 ecclesiae
729 2430 840 2514 gratia,
873 2449 953 2512 quae
986 2430 1017 2494 in
1045 2430 1101 2495 illo
1129 2431 1256 2496 lauacro

66 2558 92 2596 ao
113 2538 272 2619 deponens
311 2537 497 2602 foeditatem
535 2537 675 2601 omnium
713 2536 900 2601 dehctorum
938 2536 1104 2620 splendore
1136 2537 1257 2621 gratiae

113 2645 261 2708 caelestis
296 2644 420 2708 enituit.
455 2642 590 2725 ideoque
623 2661 760 2725 sponsus
794 2642 832 2707 de
865 2661 901 2707 ea
933 2643 1028 2708 dicit:
1063 2663 1256 2726 quaenam

115 2749 1257 2832 esthnecprospicienstamqnamdilnculum‚speciosa

113 2858 223 2921 sicut
263 2857 367 2931 luna,
410 2858 546 2921 electa
589 2857 701 2920 siout
743 2858 815 2936 sol,
857 2857 1098 2922 miraculum
1144 2857 1256 2922 sicut

112 2965 303 3031 ornatus?

200 3181 233 3234 10
252 3181 367 3235 Malach.
386 3183 412 3244 4,
431 3182 447 3233 2
504 3182 537 3235 18
556 3181 656 3236 Psalm.
674 3182 825 3236 Lxxxxss
845 3184 857 3235 l
914 3183 946 3236 21
969 3181 1047 3236 Cant.
1067 3183 1092 3244 6,
1112 3183 1128 3235 9

148 3333 209 3385 let
227 3332 394 3402 repleturV
465 3332 620 3387 aruncum
639 3332 781 3389 ΡΡ”21”Ε
855 3331 963 3401 3quod
984 3334 1003 3399 (i
1021 3350 1043 3387 s.
1064 3335 1090 3398 p)
1109 3334 1165 3387 PT
1181 3333 1253 3403 qnod

110 3420 139 3472 D
158 3420 222 3489 qnid
240 3427 286 3474 cet⁴
309 3423 409 3477 Comm.
428 3422 459 3474 in
481 3422 560 3475 Curat.
669 3421 719 3475 hoo
738 3426 780 3474 est
793 3427 858 3490 post
876 3422 991 3490 gratiam
1010 3428 1197 3490 transponunt
1214 3424 1253 3477 N‘

111 3510 125 3561 7
146 3518 187 3562 est
205 3509 232 3561 Β
251 3512 273 3580 (t
292 3527 313 3564 o,
332 3515 371 3575 u.)
446 3510 622 3563 confessionis
641 3510 668 3562 Β
687 3511 720 3580 (is
740 3527 773 3564 ex
791 3512 831 3576 es)
890 3510 935 3564 8„
953 3511 1058 3580 positus
1077 3512 1109 3566 dl‘
1128 3513 1252 3580 ppositne

113 3598 230 3654 Uindob.
253 3603 312 3652 705
359 3601 391 3653 10
411 3599 516 3668 profeta
534 3600 561 3652 B
581 3600 666 3653 esaias
690 3599 717 3652 V
765 3602 793 3653 ll
815 3598 1004 3671 tripudiabunt
1021 3600 1049 3652 B
1069 3604 1092 3667 (t
1104 3618 1150 3670 pr.
1171 3603 1253 3671 eros.)

109 3693 133 3740 el
152 3690 198 3756 (tri
217 3705 250 3742 aa
269 3693 310 3742 tre
329 3692 386 3754 m2)
406 3689 466 3745 Par
486 3688 664 3758 trepidabunt
681 3689 754 3745 ar‘E
836 3707 852 3742 a
870 3691 986 3744 uinculis
1004 3690 1039 3743 P‘
1060 3695 1086 3757 (a
1105 3691 1176 3760 exp.)
1195 3692 1255 3746 ΒΤ

110 3778 141 3830 13
162 3794 259 3846 pascuo
278 3778 305 3829 Β
327 3777 444 3831 Uindob.
468 3781 526 3831 705
546 3783 571 3831 et
591 3781 616 3832 (o
634 3796 656 3833 s.
677 3783 703 3846 o)
723 3778 776 3834 ΡΟ
794 3796 910 3849 pascuae
929 3785 976 3835 cet.
1077 3779 1205 3834 edocatus
1223 3781 1252 3834 Β

142 3867 297 3919 resectionis
316 3866 369 3935 (nis
388 3868 418 3919 ira
438 3884 493 3921 roa.
513 3871 569 3927 aaa>
590 3869 617 3921 P
688 3869 844 3923 refectionis
863 3868 992 3923 educatus
1010 3869 1070 3923 ΝΒ
1157 3870 1189 3924 18
1208 3887 1250 3924 re·
1353 3880 1355 3884 ⁴

109 3954 247 4022 gnabitO
317 3957 348 4008 19
367 3957 484 4023 gratiam
503 3955 592 4008 ΝΠ)
659 3957 691 4012 21
708 3963 773 4026 post
791 3957 858 4011 dicit
877 3957 942 4011 odd.
967 3957 1080 4013 Vbone
1098 3975 1173 4013 soror
1190 3976 1252 4013 urea

107 4047 137 4094 ut
155 4043 223 4096 berre
242 4043 344 4112 placita
363 4045 484 4112 spetiosa
502 4045 574 4098 sicut
592 4045 755 4099 hierusalem
775 4049 804 4099 et
821 4046 891 4100 iufra
999 4049 1033 4101 22
1056 4049 1203 4117 respiciens
1229 4049 1253 4099 V

142 4130 288 4184 diluculum
304 4132 334 4183 Ν
342 4132 394 4185 VD
413 4131 531 4186 diluculo
545 4133 572 4186 Β
592 4134 630 4199 (di
650 4151 682 4188 aa
701 4133 744 4202 de)
760 4140 807 4190 cel.
880 4134 967 4189 electa
985 4137 1056 4190 sicut
1074 4137 1115 4191 sol
1129 4138 1252 4207 speciosa

107 4220 176 4272 elcut
195 4219 258 4272 luna
276 4220 349 4274 ar‘E
418 4222 452 4274 23
473 4221 604 4275 mirabilis
623 4223 697 4279 ΒἜ
