<?xml version="1.0" encoding="UTF-8"?>
<!DOCTYPE html PUBLIC "-//W3C//DTD XHTML 1.0 Transitional//EN"
    "http://www.w3.org/TR/xhtml1/DTD/xhtml1-transitional.dtd">
<html xmlns="http://www.w3.org/1999/xhtml" xml:lang="en" lang="en">
 <head>
  <title>
</title>
<meta http-equiv="Content-Type" content="text/html;charset=utf-8" />
  <meta name='ocr-system' content='tesseract 3.04.00' />
  <meta name='ocr-capabilities' content='ocr_page ocr_carea ocr_par ocr_line ocrx_word'/>
</head>
<body>
  <div class='ocr_page' id='page_1' title='image "./sanctiambrosiio04petsgoog/sanctiambrosiio04petsgoog_0028.png"; bbox 0 0 2804 5168; ppageno 0'>
   <div class='ocr_carea' id='block_1_1' title="bbox 563 338 1245 404">
    <p class='ocr_par' dir='ltr' id='par_1_1' title="bbox 563 338 1245 404">
     <span class='ocr_line' id='line_1_1' title="bbox 563 338 1245 404; baseline 0.001 -13"><span class='ocrx_word' id='word_1_1' title='bbox 563 338 781 391; x_wconf 83' lang='lat' dir='ltr'><strong>Praelatio.</strong></span> <span class='ocrx_word' id='word_1_2' title='bbox 1187 340 1245 404; x_wconf 73' lang='lat' dir='ltr'><strong>XV</strong></span> 
     </span>
    </p>
   </div>
   <div class='ocr_carea' id='block_1_2' title="bbox 91 528 1246 3592">
    <p class='ocr_par' dir='ltr' id='par_1_2' title="bbox 91 528 1246 3592">
     <span class='ocr_line' id='line_1_2' title="bbox 106 528 1245 615; baseline -0.001 -17"><span class='ocrx_word' id='word_1_3' title='bbox 106 534 206 599; x_wconf 83' lang='lat' dir='ltr'><strong>Flauio</strong></span> <span class='ocrx_word' id='word_1_4' title='bbox 227 534 434 615; x_wconf 82' lang='lat' dir='ltr'><strong>adscriptum,</strong></span> <span class='ocrx_word' id='word_1_5' title='bbox 454 531 539 614; x_wconf 82' lang='lat' dir='ltr'><strong>quod</strong></span> <span class='ocrx_word' id='word_1_6' title='bbox 560 533 628 613; x_wconf 79' lang='grc' dir='ltr'>περὶ</span> <span class='ocrx_word' id='word_1_7' title='bbox 649 531 793 614; x_wconf 65' lang='grc' dir='ltr'><strong>λογισμοῦ</strong></span> <span class='ocrx_word' id='word_1_8' title='bbox 818 528 1037 614; x_wconf 62' lang='grc' dir='ltr'><strong>αὐτοκράτορος</strong></span> <span class='ocrx_word' id='word_1_9' title='bbox 1056 533 1118 609; x_wconf 84' lang='lat' dir='ltr'><strong>uel,</strong></span> <span class='ocrx_word' id='word_1_10' title='bbox 1139 532 1194 596; x_wconf 87' lang='lat' dir='ltr'><strong>sed</strong></span> <span class='ocrx_word' id='word_1_11' title='bbox 1213 533 1245 596; x_wconf 91' lang='lat' dir='ltr'><strong>id</strong></span> 
     </span>
     <span class='ocr_line' id='line_1_3' title="bbox 105 636 1246 720; baseline 0.001 -17"><span class='ocrx_word' id='word_1_12' title='bbox 105 641 189 718; x_wconf 75' lang='lat' dir='ltr'><strong>male,</strong></span> <span class='ocrx_word' id='word_1_13' title='bbox 210 636 419 720; x_wconf 75' lang='grc' dir='ltr'><strong>Μακκαβαίων</strong></span> <span class='ocrx_word' id='word_1_14' title='bbox 444 638 469 699; x_wconf 76' lang='grc' dir='ltr'><strong>δ’</strong></span> <span class='ocrx_word' id='word_1_15' title='bbox 493 637 686 709; x_wconf 78' lang='lat' dir='ltr'><strong>inscribitur,</strong></span> <span class='ocrx_word' id='word_1_16' title='bbox 700 637 725 717; x_wconf 90' lang='lat'><strong>¹)</strong></span> <span class='ocrx_word' id='word_1_17' title='bbox 749 637 779 699; x_wconf 90' lang='lat' dir='ltr'><strong>io</strong></span> <span class='ocrx_word' id='word_1_18' title='bbox 805 656 897 700; x_wconf 93' lang='lat' dir='ltr'><strong>usum</strong></span> <span class='ocrx_word' id='word_1_19' title='bbox 927 656 1020 701; x_wconf 91' lang='lat' dir='ltr'><strong>suum</strong></span> <span class='ocrx_word' id='word_1_20' title='bbox 1050 640 1246 704; x_wconf 87' lang='lat' dir='ltr'><strong>conuertisse</strong></span> 
     </span>
     <span class='ocr_line' id='line_1_4' title="bbox 104 743 1245 829; baseline -0.002 -17"><span class='ocrx_word' id='word_1_21' title='bbox 104 748 217 829; x_wconf 87' lang='lat' dir='ltr'><strong>primus</strong></span> <span class='ocrx_word' id='word_1_22' title='bbox 237 745 320 810; x_wconf 88' lang='lat' dir='ltr'><strong>uidit</strong></span> <span class='ocrx_word' id='word_1_23' title='bbox 334 746 358 810; x_wconf 90' lang='lat' dir='ltr'><strong>l.</strong></span> <span class='ocrx_word' id='word_1_24' title='bbox 372 744 584 809; x_wconf 82' lang='lat' dir='ltr'><strong>Fraudentbal</strong></span> <span class='ocrx_word' id='word_1_25' title='bbox 604 745 656 827; x_wconf 74' lang='lat' dir='ltr'><strong>(cf.</strong></span> <span class='ocrx_word' id='word_1_26' title='bbox 675 744 744 808; x_wconf 88' lang='lat' dir='ltr'><strong>eius</strong></span> <span class='ocrx_word' id='word_1_27' title='bbox 763 743 834 806; x_wconf 84' lang='lat' dir='ltr'>libri</span> <span class='ocrx_word' id='word_1_28' title='bbox 854 744 923 807; x_wconf 86' lang='lat' dir='ltr'><strong>‘Die</strong></span> <span class='ocrx_word' id='word_1_29' title='bbox 937 744 1069 809; x_wconf 85' lang='lat' dir='ltr'><strong>Flauius</strong></span> <span class='ocrx_word' id='word_1_30' title='bbox 1092 747 1245 829; x_wconf 81' lang='lat' dir='ltr'>Iosephus</span> 
     </span>
     <span class='ocr_line' id='line_1_5' title="bbox 103 841 1244 937; baseline -0.002 -20"><span class='ocrx_word' id='word_1_31' title='bbox 103 853 276 937; x_wconf 86' lang='lat' dir='ltr'><strong>beigelegte</strong></span> <span class='ocrx_word' id='word_1_32' title='bbox 305 851 424 916; x_wconf 87' lang='lat' dir='ltr'><strong>Sebrilt</strong></span> <span class='ocrx_word' id='word_1_33' title='bbox 452 841 537 916; x_wconf 75' lang='lat' dir='ltr'><strong>[ber</strong></span> <span class='ocrx_word' id='word_1_34' title='bbox 569 850 619 914; x_wconf 89' lang='lat' dir='ltr'><strong>die</strong></span> <span class='ocrx_word' id='word_1_35' title='bbox 647 848 834 913; x_wconf 83' lang='lat' dir='ltr'><strong>Herrsebaft</strong></span> <span class='ocrx_word' id='word_1_36' title='bbox 866 849 921 914; x_wconf 90' lang='lat' dir='ltr'><strong>der</strong></span> <span class='ocrx_word' id='word_1_37' title='bbox 949 850 1114 915; x_wconf 82' lang='lat' dir='ltr'><strong>Veruuult&#39;</strong></span> <span class='ocrx_word' id='word_1_38' title='bbox 1142 851 1244 916; x_wconf 87' lang='lat' dir='ltr'><strong>Urati·</strong></span> 
     </span>
     <span class='ocr_line' id='line_1_6' title="bbox 104 956 1244 1040; baseline -0.001 -16"><span class='ocrx_word' id='word_1_39' title='bbox 104 960 218 1024; x_wconf 89' lang='lat' dir='ltr'><strong>slaniae</strong></span> <span class='ocrx_word' id='word_1_40' title='bbox 242 978 269 1024; x_wconf 87' lang='lat' dir='ltr'><strong>a.</strong></span> <span class='ocrx_word' id='word_1_41' title='bbox 295 960 379 1024; x_wconf 86' lang='grc'><strong>1869</strong></span> <span class='ocrx_word' id='word_1_42' title='bbox 405 959 482 1023; x_wconf 89' lang='lat' dir='ltr'><strong>editi</strong></span> <span class='ocrx_word' id='word_1_43' title='bbox 505 978 535 1040; x_wconf 90' lang='lat' dir='ltr'><strong>p.</strong></span> <span class='ocrx_word' id='word_1_44' title='bbox 561 959 602 1022; x_wconf 88' lang='grc'><strong>32</strong></span> <span class='ocrx_word' id='word_1_45' title='bbox 628 962 718 1038; x_wconf 66' lang='lat' dir='ltr'><strong>squ).</strong></span> <span class='ocrx_word' id='word_1_46' title='bbox 743 956 803 1020; x_wconf 93' lang='lat' dir='ltr'><strong>boc</strong></span> <span class='ocrx_word' id='word_1_47' title='bbox 828 956 928 1038; x_wconf 85' lang='lat' dir='ltr'><strong>igitur·</strong></span> <span class='ocrx_word' id='word_1_48' title='bbox 951 977 1093 1022; x_wconf 83' lang='lat' dir='ltr'>sermone</span> <span class='ocrx_word' id='word_1_49' title='bbox 1112 979 1244 1023; x_wconf 89' lang='lat' dir='ltr'><strong>—nam</strong></span> 
     </span>
     <span class='ocr_line' id='line_1_7' title="bbox 104 1062 1242 1147; baseline -0.002 -17"><span class='ocrx_word' id='word_1_50' title='bbox 104 1085 273 1130; x_wconf 85' lang='lat' dir='ltr'><strong>sermonem</strong></span> <span class='ocrx_word' id='word_1_51' title='bbox 297 1083 367 1130; x_wconf 89' lang='lat' dir='ltr'><strong>esse</strong></span> <span class='ocrx_word' id='word_1_52' title='bbox 390 1065 474 1129; x_wconf 91' lang='lat' dir='ltr'><strong>hune</strong></span> <span class='ocrx_word' id='word_1_53' title='bbox 497 1064 642 1129; x_wconf 90' lang='lat' dir='ltr'><strong>libellum</strong></span> <span class='ocrx_word' id='word_1_54' title='bbox 668 1062 900 1126; x_wconf 84' lang='lat' dir='ltr'><strong>demonstrauit</strong></span> <span class='ocrx_word' id='word_1_55' title='bbox 919 1064 1130 1128; x_wconf 83' lang='lat' dir='ltr'><strong>Frendentlral</strong></span> <span class='ocrx_word' id='word_1_56' title='bbox 1150 1085 1180 1147; x_wconf 90' lang='lat' dir='ltr'><strong>p.</strong></span> <span class='ocrx_word' id='word_1_57' title='bbox 1203 1067 1242 1128; x_wconf 85' lang='lat'><strong>12</strong></span> 
     </span>
     <span class='ocr_line' id='line_1_8' title="bbox 103 1169 1243 1255; baseline -0.001 -19"><span class='ocrx_word' id='word_1_58' title='bbox 103 1192 164 1255; x_wconf 86' lang='lat' dir='ltr'><strong>sqq.</strong></span> <span class='ocrx_word' id='word_1_59' title='bbox 189 1208 233 1219; x_wconf 93' lang='lat'><strong>—-</strong></span> <span class='ocrx_word' id='word_1_60' title='bbox 257 1171 445 1236; x_wconf 80' lang='lat' dir='ltr'><strong>Ambrosius</strong></span> <span class='ocrx_word' id='word_1_61' title='bbox 477 1175 509 1235; x_wconf 90' lang='lat' dir='ltr'><strong>et</strong></span> <span class='ocrx_word' id='word_1_62' title='bbox 536 1171 567 1234; x_wconf 93' lang='lat' dir='ltr'><strong>in</strong></span> <span class='ocrx_word' id='word_1_63' title='bbox 592 1170 716 1234; x_wconf 81' lang='lat' dir='ltr'><strong>exordio</strong></span> <span class='ocrx_word' id='word_1_64' title='bbox 745 1170 817 1233; x_wconf 86' lang='lat' dir='ltr'><strong>libri</strong></span> <span class='ocrx_word' id='word_1_65' title='bbox 841 1169 954 1253; x_wconf 87' lang='lat' dir='ltr'><strong>prioris</strong></span> <span class='ocrx_word' id='word_1_66' title='bbox 979 1190 1021 1234; x_wconf 89' lang='lat' dir='ltr'><strong>ss.</strong></span> <span class='ocrx_word' id='word_1_67' title='bbox 1048 1172 1132 1233; x_wconf 82' lang='lat'><strong>1-7</strong></span> <span class='ocrx_word' id='word_1_68' title='bbox 1158 1172 1243 1235; x_wconf 90' lang='lat' dir='ltr'><strong>etin</strong></span> 
     </span>
     <span class='ocr_line' id='line_1_9' title="bbox 102 1276 1242 1361; baseline 0 -19"><span class='ocrx_word' id='word_1_69' title='bbox 102 1279 168 1344; x_wconf 83' lang='lat' dir='ltr'><strong>libri</strong></span> <span class='ocrx_word' id='word_1_70' title='bbox 192 1278 323 1342; x_wconf 88' lang='lat' dir='ltr'><strong>alterius</strong></span> <span class='ocrx_word' id='word_1_71' title='bbox 347 1282 435 1361; x_wconf 88' lang='lat' dir='ltr'><strong>parte</strong></span> <span class='ocrx_word' id='word_1_72' title='bbox 459 1279 571 1342; x_wconf 90' lang='lat' dir='ltr'><strong>ultima</strong></span> <span class='ocrx_word' id='word_1_73' title='bbox 596 1276 653 1355; x_wconf 91' lang='lat' dir='ltr'><strong>(ss.</strong></span> <span class='ocrx_word' id='word_1_74' title='bbox 678 1277 822 1358; x_wconf 76' lang='lat'>43-57)</span> <span class='ocrx_word' id='word_1_75' title='bbox 846 1277 891 1339; x_wconf 86' lang='lat' dir='ltr'><strong>ita</strong></span> <span class='ocrx_word' id='word_1_76' title='bbox 914 1295 993 1341; x_wconf 88' lang='lat' dir='ltr'><strong>usus</strong></span> <span class='ocrx_word' id='word_1_77' title='bbox 1017 1280 1076 1347; x_wconf 78' lang='lat' dir='ltr'><strong>est,</strong></span> <span class='ocrx_word' id='word_1_78' title='bbox 1097 1281 1133 1341; x_wconf 90' lang='lat' dir='ltr'><strong>nt</strong></span> <span class='ocrx_word' id='word_1_79' title='bbox 1155 1278 1242 1342; x_wconf 86' lang='lat' dir='ltr'><strong>locos</strong></span> 
     </span>
     <span class='ocr_line' id='line_1_10' title="bbox 103 1384 1242 1468; baseline -0.001 -18"><span class='ocrx_word' id='word_1_80' title='bbox 103 1386 252 1468; x_wconf 82' lang='lat' dir='ltr'><strong>quosdam</strong></span> <span class='ocrx_word' id='word_1_81' title='bbox 288 1385 328 1450; x_wconf 89' lang='lat' dir='ltr'><strong>ad</strong></span> <span class='ocrx_word' id='word_1_82' title='bbox 360 1386 494 1449; x_wconf 90' lang='lat' dir='ltr'><strong>uerbum</strong></span> <span class='ocrx_word' id='word_1_83' title='bbox 526 1385 721 1461; x_wconf 74' lang='lat' dir='ltr'><strong>transferret,</strong></span> <span class='ocrx_word' id='word_1_84' title='bbox 744 1384 846 1448; x_wconf 88' lang='lat' dir='ltr'><strong>multo</strong></span> <span class='ocrx_word' id='word_1_85' title='bbox 875 1384 993 1465; x_wconf 83' lang='lat' dir='ltr'><strong>plures,</strong></span> <span class='ocrx_word' id='word_1_86' title='bbox 1018 1388 1055 1446; x_wconf 89' lang='lat' dir='ltr'><strong>ut</strong></span> <span class='ocrx_word' id='word_1_87' title='bbox 1083 1387 1151 1448; x_wconf 82' lang='lat' dir='ltr'><strong>erat</strong></span> <span class='ocrx_word' id='word_1_88' title='bbox 1174 1385 1242 1449; x_wconf 88' lang='lat' dir='ltr'><strong>eius</strong></span> 
     </span>
     <span class='ocr_line' id='line_1_11' title="bbox 103 1489 1243 1572; baseline -0.001 -17"><span class='ocrx_word' id='word_1_89' title='bbox 103 1491 292 1557; x_wconf 85' lang='lat' dir='ltr'><strong>cousuetudo</strong></span> <span class='ocrx_word' id='word_1_90' title='bbox 312 1491 343 1555; x_wconf 92' lang='lat' dir='ltr'><strong>iu</strong></span> <span class='ocrx_word' id='word_1_91' title='bbox 359 1493 493 1556; x_wconf 88' lang='lat' dir='ltr'><strong>aliorum</strong></span> <span class='ocrx_word' id='word_1_92' title='bbox 512 1492 601 1554; x_wconf 90' lang='lat' dir='ltr'><strong>libris</strong></span> <span class='ocrx_word' id='word_1_93' title='bbox 622 1489 840 1572; x_wconf 85' lang='lat' dir='ltr'><strong>compilandis,</strong></span> <span class='ocrx_word' id='word_1_94' title='bbox 861 1490 928 1553; x_wconf 92' lang='lat' dir='ltr'><strong>suis</strong></span> <span class='ocrx_word' id='word_1_95' title='bbox 948 1490 1054 1553; x_wconf 87' lang='lat' dir='ltr'><strong>uerbis</strong></span> <span class='ocrx_word' id='word_1_96' title='bbox 1075 1490 1243 1571; x_wconf 79' lang='lat' dir='ltr'><strong>explicaret</strong></span> 
     </span>
     <span class='ocr_line' id='line_1_12' title="bbox 103 1595 1242 1680; baseline 0 -18"><span class='ocrx_word' id='word_1_97' title='bbox 103 1603 190 1680; x_wconf 89' lang='lat' dir='ltr'><strong>atque</strong></span> <span class='ocrx_word' id='word_1_98' title='bbox 220 1598 403 1662; x_wconf 86' lang='lat' dir='ltr'><strong>illustraret.</strong></span> <span class='ocrx_word' id='word_1_99' title='bbox 434 1616 513 1678; x_wconf 88' lang='lat' dir='ltr'><strong>quos</strong></span> <span class='ocrx_word' id='word_1_100' title='bbox 541 1598 627 1661; x_wconf 89' lang='lat' dir='ltr'><strong>locos</strong></span> <span class='ocrx_word' id='word_1_101' title='bbox 656 1615 764 1660; x_wconf 88' lang='lat' dir='ltr'><strong>omnes</strong></span> <span class='ocrx_word' id='word_1_102' title='bbox 789 1616 806 1659; x_wconf 92' lang='lat' dir='ltr'><strong>a</strong></span> <span class='ocrx_word' id='word_1_103' title='bbox 830 1615 879 1659; x_wconf 89' lang='lat' dir='ltr'><strong>me</strong></span> <span class='ocrx_word' id='word_1_104' title='bbox 908 1595 1076 1679; x_wconf 81' lang='lat' dir='ltr'><strong>diligenter</strong></span> <span class='ocrx_word' id='word_1_105' title='bbox 1098 1599 1242 1662; x_wconf 88' lang='lat' dir='ltr'><strong>enotates</strong></span> 
     </span>
     <span class='ocr_line' id='line_1_13' title="bbox 102 1701 1241 1788; baseline 0 -21"><span class='ocrx_word' id='word_1_106' title='bbox 102 1705 234 1788; x_wconf 83' lang='lat' dir='ltr'><strong>reperies</strong></span> <span class='ocrx_word' id='word_1_107' title='bbox 263 1703 412 1768; x_wconf 89' lang='lat' dir='ltr'><strong>editionis</strong></span> <span class='ocrx_word' id='word_1_108' title='bbox 436 1721 455 1766; x_wconf 89' lang='lat' dir='ltr'><strong>a</strong></span> <span class='ocrx_word' id='word_1_109' title='bbox 479 1701 516 1767; x_wconf 84' lang='lat' dir='ltr'><strong>G.</strong></span> <span class='ocrx_word' id='word_1_110' title='bbox 541 1701 703 1765; x_wconf 88' lang='lat' dir='ltr'><strong>Diudorfie</strong></span> <span class='ocrx_word' id='word_1_111' title='bbox 733 1706 859 1765; x_wconf 86' lang='lat' dir='ltr'><strong>curatae</strong></span> <span class='ocrx_word' id='word_1_112' title='bbox 886 1702 1010 1784; x_wconf 78' lang='lat' dir='ltr'><strong>paginis</strong></span> <span class='ocrx_word' id='word_1_113' title='bbox 1040 1705 1071 1766; x_wconf 89' lang='lat' dir='ltr'><strong>et</strong></span> <span class='ocrx_word' id='word_1_114' title='bbox 1094 1703 1241 1768; x_wconf 89' lang='lat' dir='ltr'><strong>uersibus</strong></span> 
     </span>
     <span class='ocr_line' id='line_1_14' title="bbox 102 1807 1241 1891; baseline 0 -19"><span class='ocrx_word' id='word_1_115' title='bbox 102 1810 258 1884; x_wconf 86' lang='lat' dir='ltr'><strong>iudicatis;</strong></span> <span class='ocrx_word' id='word_1_116' title='bbox 285 1829 357 1873; x_wconf 90' lang='lat' dir='ltr'><strong>uam</strong></span> <span class='ocrx_word' id='word_1_117' title='bbox 381 1829 417 1874; x_wconf 89' lang='lat' dir='ltr'><strong>ea</strong></span> <span class='ocrx_word' id='word_1_118' title='bbox 436 1828 530 1891; x_wconf 89' lang='lat' dir='ltr'><strong>quarn</strong></span> <span class='ocrx_word' id='word_1_119' title='bbox 551 1808 583 1874; x_wconf 85' lang='lat' dir='ltr'><strong>S.</strong></span> <span class='ocrx_word' id='word_1_120' title='bbox 602 1808 638 1872; x_wconf 89' lang='grc' dir='ltr'><strong>Α.</strong></span> <span class='ocrx_word' id='word_1_121' title='bbox 658 1807 763 1871; x_wconf 91' lang='lat' dir='ltr'><strong>Naber</strong></span> <span class='ocrx_word' id='word_1_122' title='bbox 783 1808 905 1871; x_wconf 90' lang='lat' dir='ltr'><strong>curauit</strong></span> <span class='ocrx_word' id='word_1_123' title='bbox 923 1812 992 1871; x_wconf 92' lang='lat' dir='ltr'><strong>tum</strong></span> <span class='ocrx_word' id='word_1_124' title='bbox 1012 1808 1150 1885; x_wconf 86' lang='lat' dir='ltr'><strong>demum,</strong></span> <span class='ocrx_word' id='word_1_125' title='bbox 1171 1828 1241 1873; x_wconf 89' lang='lat' dir='ltr'><strong>cum</strong></span> 
     </span>
     <span class='ocr_line' id='line_1_15' title="bbox 101 1913 1241 1997; baseline -0.002 -16"><span class='ocrx_word' id='word_1_126' title='bbox 101 1915 154 1981; x_wconf 89' lang='lat' dir='ltr'><strong>boe</strong></span> <span class='ocrx_word' id='word_1_127' title='bbox 177 1916 329 1981; x_wconf 88' lang='lat' dir='ltr'><strong>uolumen</strong></span> <span class='ocrx_word' id='word_1_128' title='bbox 357 1915 419 1978; x_wconf 89' lang='lat' dir='ltr'><strong>iam</strong></span> <span class='ocrx_word' id='word_1_129' title='bbox 447 1915 571 1997; x_wconf 88' lang='lat' dir='ltr'><strong>prelum</strong></span> <span class='ocrx_word' id='word_1_130' title='bbox 600 1914 772 1989; x_wconf 79' lang='lat' dir='ltr'><strong>exercebat,</strong></span> <span class='ocrx_word' id='word_1_131' title='bbox 797 1913 827 1976; x_wconf 91' lang='lat' dir='ltr'><strong>irr</strong></span> <span class='ocrx_word' id='word_1_132' title='bbox 857 1933 968 1977; x_wconf 88' lang='lat' dir='ltr'><strong>manus</strong></span> <span class='ocrx_word' id='word_1_133' title='bbox 993 1934 1078 1978; x_wconf 88' lang='lat' dir='ltr'><strong>meas</strong></span> <span class='ocrx_word' id='word_1_134' title='bbox 1104 1915 1241 1979; x_wconf 88' lang='lat' dir='ltr'><strong>deuenit.</strong></span> 
     </span>
     <span class='ocr_line' id='line_1_16' title="bbox 101 2019 1241 2105; baseline 0.002 -21"><span class='ocrx_word' id='word_1_135' title='bbox 101 2022 126 2085; x_wconf 92' lang='lat' dir='ltr'><strong>iu</strong></span> <span class='ocrx_word' id='word_1_136' title='bbox 150 2022 263 2105; x_wconf 89' lang='lat' dir='ltr'><strong>primis</strong></span> <span class='ocrx_word' id='word_1_137' title='bbox 293 2024 398 2085; x_wconf 87' lang='lat' dir='ltr'><strong>autem</strong></span> <span class='ocrx_word' id='word_1_138' title='bbox 426 2021 631 2085; x_wconf 85' lang='lat' dir='ltr'><strong>memorabile</strong></span> <span class='ocrx_word' id='word_1_139' title='bbox 655 2023 705 2083; x_wconf 87' lang='lat' dir='ltr'><strong>est</strong></span> <span class='ocrx_word' id='word_1_140' title='bbox 728 2019 812 2100; x_wconf 90' lang='lat' dir='ltr'><strong>qued</strong></span> <span class='ocrx_word' id='word_1_141' title='bbox 835 2020 1021 2085; x_wconf 82' lang='lat' dir='ltr'><strong>Ambrosius</strong></span> <span class='ocrx_word' id='word_1_142' title='bbox 1046 2021 1154 2085; x_wconf 85' lang='lat' dir='ltr'><strong>eodem</strong></span> <span class='ocrx_word' id='word_1_143' title='bbox 1180 2043 1241 2104; x_wconf 92' lang='lat' dir='ltr'><strong>quo</strong></span> 
     </span>
     <span class='ocr_line' id='line_1_17' title="bbox 99 2126 1242 2210; baseline 0.001 -20"><span class='ocrx_word' id='word_1_144' title='bbox 99 2128 194 2193; x_wconf 85' lang='lat' dir='ltr'><strong>falsus</strong></span> <span class='ocrx_word' id='word_1_145' title='bbox 228 2129 284 2192; x_wconf 89' lang='lat' dir='ltr'><strong>ille</strong></span> <span class='ocrx_word' id='word_1_146' title='bbox 316 2129 471 2210; x_wconf 84' lang='lat' dir='ltr'><strong>Iosephus</strong></span> <span class='ocrx_word' id='word_1_147' title='bbox 505 2128 630 2210; x_wconf 90' lang='lat' dir='ltr'><strong>epilego</strong></span> <span class='ocrx_word' id='word_1_148' title='bbox 664 2145 744 2208; x_wconf 92' lang='lat' dir='ltr'><strong>opus</strong></span> <span class='ocrx_word' id='word_1_149' title='bbox 778 2145 872 2189; x_wconf 90' lang='lat' dir='ltr'><strong>suurn</strong></span> <span class='ocrx_word' id='word_1_150' title='bbox 906 2126 1072 2201; x_wconf 77' lang='lat' dir='ltr'><strong>conclusit,</strong></span> <span class='ocrx_word' id='word_1_151' title='bbox 1096 2128 1242 2192; x_wconf 87' lang='lat' dir='ltr'><strong>Maccha-</strong></span> 
     </span>
     <span class='ocr_line' id='line_1_18' title="bbox 100 2231 1243 2315; baseline -0.001 -18"><span class='ocrx_word' id='word_1_152' title='bbox 100 2232 246 2299; x_wconf 87' lang='lat' dir='ltr'><strong>baeorum</strong></span> <span class='ocrx_word' id='word_1_153' title='bbox 269 2234 461 2309; x_wconf 74' lang='lat' dir='ltr'><strong>laudatione,</strong></span> <span class='ocrx_word' id='word_1_154' title='bbox 486 2252 580 2315; x_wconf 86' lang='lat' dir='ltr'><strong>quarn</strong></span> <span class='ocrx_word' id='word_1_155' title='bbox 606 2231 873 2314; x_wconf 85' lang='lat' dir='ltr'><strong>splendidioribus</strong></span> <span class='ocrx_word' id='word_1_156' title='bbox 903 2232 998 2295; x_wconf 89' lang='lat' dir='ltr'><strong>etiam</strong></span> <span class='ocrx_word' id='word_1_157' title='bbox 1027 2233 1186 2297; x_wconf 86' lang='lat' dir='ltr'><strong>coloribus</strong></span> <span class='ocrx_word' id='word_1_158' title='bbox 1211 2239 1243 2299; x_wconf 87' lang='lat' dir='ltr'><strong>et</strong></span> 
     </span>
     <span class='ocr_line' id='line_1_19' title="bbox 98 2339 1243 2424; baseline 0 -21"><span class='ocrx_word' id='word_1_159' title='bbox 98 2341 263 2405; x_wconf 91' lang='lat' dir='ltr'><strong>uerborum</strong></span> <span class='ocrx_word' id='word_1_160' title='bbox 301 2340 591 2421; x_wconf 86' lang='lat' dir='ltr'><strong>sententiarumque</strong></span> <span class='ocrx_word' id='word_1_161' title='bbox 628 2339 801 2402; x_wconf 90' lang='lat' dir='ltr'><strong>luminibus</strong></span> <span class='ocrx_word' id='word_1_162' title='bbox 840 2339 1011 2402; x_wconf 90' lang='lat' dir='ltr'><strong>exornauit.</strong></span> <span class='ocrx_word' id='word_1_163' title='bbox 1049 2339 1108 2403; x_wconf 90' lang='lat' dir='ltr'><strong>hac</strong></span> <span class='ocrx_word' id='word_1_164' title='bbox 1144 2340 1243 2424; x_wconf 89' lang='lat' dir='ltr'><strong>igitur</strong></span> 
     </span>
     <span class='ocr_line' id='line_1_20' title="bbox 98 2445 1242 2530; baseline 0.001 -21"><span class='ocrx_word' id='word_1_165' title='bbox 98 2446 262 2530; x_wconf 87' lang='lat' dir='ltr'><strong>magnilica</strong></span> <span class='ocrx_word' id='word_1_166' title='bbox 294 2447 492 2530; x_wconf 88' lang='lat' dir='ltr'><strong>peroratione</strong></span> <span class='ocrx_word' id='word_1_167' title='bbox 525 2466 557 2510; x_wconf 90' lang='lat' dir='ltr'><strong>se</strong></span> <span class='ocrx_word' id='word_1_168' title='bbox 591 2445 785 2509; x_wconf 89' lang='lat' dir='ltr'><strong>audientium</strong></span> <span class='ocrx_word' id='word_1_169' title='bbox 824 2445 945 2509; x_wconf 87' lang='lat' dir='ltr'><strong>animos</strong></span> <span class='ocrx_word' id='word_1_170' title='bbox 978 2465 1073 2526; x_wconf 89' lang='lat' dir='ltr'><strong>quam</strong></span> <span class='ocrx_word' id='word_1_171' title='bbox 1108 2447 1242 2511; x_wconf 90' lang='lat' dir='ltr'><strong>maxime</strong></span> 
     </span>
     <span class='ocr_line' id='line_1_21' title="bbox 97 2553 1240 2635; baseline 0 -18"><span class='ocrx_word' id='word_1_172' title='bbox 97 2558 328 2617; x_wconf 84' lang='lat' dir='ltr'><strong>commoturum</strong></span> <span class='ocrx_word' id='word_1_173' title='bbox 357 2573 426 2618; x_wconf 86' lang='lat' dir='ltr'><strong>esse</strong></span> <span class='ocrx_word' id='word_1_174' title='bbox 455 2553 517 2617; x_wconf 92' lang='lat' dir='ltr'><strong>sibi</strong></span> <span class='ocrx_word' id='word_1_175' title='bbox 545 2556 756 2635; x_wconf 80' lang='lat' dir='ltr'><strong>persuaserat,</strong></span> <span class='ocrx_word' id='word_1_176' title='bbox 785 2570 886 2633; x_wconf 84' lang='lat' dir='ltr'><strong>neque</strong></span> <span class='ocrx_word' id='word_1_177' title='bbox 916 2571 987 2634; x_wconf 91' lang='lat' dir='ltr'><strong>spes</strong></span> <span class='ocrx_word' id='word_1_178' title='bbox 1017 2571 1089 2615; x_wconf 90' lang='lat' dir='ltr'><strong>eum</strong></span> <span class='ocrx_word' id='word_1_179' title='bbox 1117 2553 1240 2617; x_wconf 86' lang='lat' dir='ltr'><strong>fefellit.</strong></span> 
     </span>
     <span class='ocr_line' id='line_1_22' title="bbox 96 2658 1241 2724; baseline 0.002 -3"><span class='ocrx_word' id='word_1_180' title='bbox 96 2658 210 2722; x_wconf 88' lang='lat' dir='ltr'><strong>etenim</strong></span> <span class='ocrx_word' id='word_1_181' title='bbox 250 2659 457 2724; x_wconf 80' lang='lat' dir='ltr'><strong>Cassiodorus</strong></span> <span class='ocrx_word' id='word_1_182' title='bbox 499 2660 577 2723; x_wconf 88' lang='lat' dir='ltr'><strong>lust.</strong></span> <span class='ocrx_word' id='word_1_183' title='bbox 620 2658 717 2722; x_wconf 89' lang='lat' dir='ltr'><strong>diuin.</strong></span> <span class='ocrx_word' id='word_1_184' title='bbox 755 2658 818 2721; x_wconf 87' lang='lat' dir='ltr'><strong>litt.</strong></span> <span class='ocrx_word' id='word_1_185' title='bbox 862 2660 881 2721; x_wconf 86' lang='grc'>6</span> <span class='ocrx_word' id='word_1_186' title='bbox 920 2658 997 2722; x_wconf 90' lang='lat' dir='ltr'><strong>dicit</strong></span> <span class='ocrx_word' id='word_1_187' title='bbox 1037 2660 1241 2723; x_wconf 75' lang='lat' dir='ltr'><strong>Ambrosium</strong></span> 
     </span>
     <span class='ocr_line' id='line_1_23' title="bbox 95 2764 1237 2845; baseline 0.002 -18"><span class='ocrx_word' id='word_1_188' title='bbox 95 2764 224 2829; x_wconf 90' lang='lat' dir='ltr'><strong>secundi</strong></span> <span class='ocrx_word' id='word_1_189' title='bbox 262 2765 334 2829; x_wconf 89' lang='lat' dir='ltr'><strong>libri</strong></span> <span class='ocrx_word' id='word_1_190' title='bbox 362 2765 644 2830; x_wconf 80' lang='lat' dir='ltr'><strong>Macchabaeorum</strong></span> <span class='ocrx_word' id='word_1_191' title='bbox 682 2764 849 2827; x_wconf 89' lang='lat' dir='ltr'><strong>maximam</strong></span> <span class='ocrx_word' id='word_1_192' title='bbox 888 2769 1008 2845; x_wconf 90' lang='lat' dir='ltr'><strong>partem</strong></span> <span class='ocrx_word' id='word_1_193' title='bbox 1042 2765 1080 2828; x_wconf 86' lang='lat' dir='ltr'><strong>ad</strong></span> <span class='ocrx_word' id='word_1_194' title='bbox 1115 2765 1237 2829; x_wconf 89' lang='lat' dir='ltr'><strong>demon·</strong></span> 
     </span>
     <span class='ocr_line' id='line_1_24' title="bbox 95 2871 1240 2954; baseline 0.004 -22"><span class='ocrx_word' id='word_1_195' title='bbox 95 2872 253 2935; x_wconf 88' lang='lat' dir='ltr'><strong>strandam</strong></span> <span class='ocrx_word' id='word_1_196' title='bbox 277 2872 478 2936; x_wconf 84' lang='lat' dir='ltr'><strong>tolerantiam</strong></span> <span class='ocrx_word' id='word_1_197' title='bbox 498 2871 696 2953; x_wconf 87' lang='lat' dir='ltr'><strong>eloquentiae</strong></span> <span class='ocrx_word' id='word_1_198' title='bbox 716 2890 792 2933; x_wconf 91' lang='lat' dir='ltr'><strong>suae</strong></span> <span class='ocrx_word' id='word_1_199' title='bbox 813 2871 996 2934; x_wconf 89' lang='lat' dir='ltr'><strong>dulcissimo</strong></span> <span class='ocrx_word' id='word_1_200' title='bbox 1015 2872 1136 2952; x_wconf 91' lang='lat' dir='ltr'><strong>liquore</strong></span> <span class='ocrx_word' id='word_1_201' title='bbox 1155 2876 1240 2954; x_wconf 88' lang='lat' dir='ltr'><strong>pate·</strong></span> 
     </span>
     <span class='ocr_line' id='line_1_25' title="bbox 93 2976 1239 3058; baseline 0.003 -19"><span class='ocrx_word' id='word_1_202' title='bbox 93 2976 206 3041; x_wconf 84' lang='lat' dir='ltr'><strong>fecisse</strong></span> <span class='ocrx_word' id='word_1_203' title='bbox 238 2982 270 3042; x_wconf 89' lang='lat' dir='ltr'><strong>et</strong></span> <span class='ocrx_word' id='word_1_204' title='bbox 301 2978 333 3041; x_wconf 92' lang='lat' dir='ltr'><strong>iu</strong></span> <span class='ocrx_word' id='word_1_205' title='bbox 367 2977 441 3042; x_wconf 88' lang='lat' dir='ltr'><strong>libri</strong></span> <span class='ocrx_word' id='word_1_206' title='bbox 472 2977 623 3042; x_wconf 89' lang='lat' dir='ltr'><strong>Parisiaoi</strong></span> <span class='ocrx_word' id='word_1_207' title='bbox 659 2977 755 3054; x_wconf 82' lang='grc'><strong>1719,</strong></span> <span class='ocrx_word' id='word_1_208' title='bbox 780 2977 833 3058; x_wconf 93' lang='lat' dir='ltr'><strong>qui</strong></span> <span class='ocrx_word' id='word_1_209' title='bbox 863 2977 983 3040; x_wconf 89' lang='lat' dir='ltr'><strong>saeculi</strong></span> <span class='ocrx_word' id='word_1_210' title='bbox 1010 2977 1054 3040; x_wconf 89' lang='lat' dir='ltr'><strong>Xl</strong></span> <span class='ocrx_word' id='word_1_211' title='bbox 1079 2983 1137 3053; x_wconf 79' lang='lat' dir='ltr'><strong>est,</strong></span> <span class='ocrx_word' id='word_1_212' title='bbox 1162 2979 1239 3043; x_wconf 84' lang='lat' dir='ltr'><strong>folio</strong></span> 
     </span>
     <span class='ocr_line' id='line_1_26' title="bbox 95 3083 1239 3168; baseline 0.003 -23"><span class='ocrx_word' id='word_1_213' title='bbox 95 3083 167 3146; x_wconf 75' lang='lat'>140¹</span> <span class='ocrx_word' id='word_1_214' title='bbox 193 3084 285 3148; x_wconf 87' lang='lat' dir='ltr'><strong>initio</strong></span> <span class='ocrx_word' id='word_1_215' title='bbox 319 3085 469 3148; x_wconf 84' lang='lat' dir='ltr'><strong>sectionis</strong></span> <span class='ocrx_word' id='word_1_216' title='bbox 501 3084 670 3148; x_wconf 87' lang='lat' dir='ltr'><strong>XXXXllI</strong></span> <span class='ocrx_word' id='word_1_217' title='bbox 700 3083 773 3148; x_wconf 86' lang='lat' dir='ltr'><strong>libri</strong></span> <span class='ocrx_word' id='word_1_218' title='bbox 802 3084 831 3146; x_wconf 95' lang='lat' dir='ltr'><strong>ll</strong></span> <span class='ocrx_word' id='word_1_219' title='bbox 860 3085 937 3147; x_wconf 90' lang='lat' dir='ltr'><strong>baeo</strong></span> <span class='ocrx_word' id='word_1_220' title='bbox 966 3083 997 3146; x_wconf 90' lang='lat' dir='ltr'><strong>in</strong></span> <span class='ocrx_word' id='word_1_221' title='bbox 1022 3084 1163 3168; x_wconf 78' lang='lat' dir='ltr'><strong>margine</strong></span> <span class='ocrx_word' id='word_1_222' title='bbox 1187 3085 1239 3148; x_wconf 91' lang='lat' dir='ltr'><strong>ad·</strong></span> 
     </span>
     <span class='ocr_line' id='line_1_27' title="bbox 93 3175 1241 3274; baseline 0.002 -22"><span class='ocrx_word' id='word_1_223' title='bbox 93 3190 210 3271; x_wconf 86' lang='lat' dir='ltr'><strong>scripta</strong></span> <span class='ocrx_word' id='word_1_224' title='bbox 239 3193 326 3254; x_wconf 88' lang='lat' dir='ltr'><strong>suut:</strong></span> <span class='ocrx_word' id='word_1_225' title='bbox 356 3190 478 3271; x_wconf 82' lang='lat' dir='ltr'><strong>‘incipit</strong></span> <span class='ocrx_word' id='word_1_226' title='bbox 504 3194 659 3253; x_wconf 86' lang='lat' dir='ltr'><strong>tractatus</strong></span> <span class='ocrx_word' id='word_1_227' title='bbox 687 3189 920 3271; x_wconf 87' lang='lat' dir='ltr'><strong>pulcherrimus</strong></span> <span class='ocrx_word' id='word_1_228' title='bbox 945 3175 994 3254; x_wconf 58' lang='lat' dir='ltr'><strong>sm</strong></span> <span class='ocrx_word' id='word_1_229' title='bbox 1015 3191 1164 3255; x_wconf 87' lang='lat' dir='ltr'><strong>ambrosii</strong></span> <span class='ocrx_word' id='word_1_230' title='bbox 1189 3175 1241 3274; x_wconf 66' lang='lat' dir='ltr'><strong>epi</strong></span> 
     </span>
     <span class='ocr_line' id='line_1_28' title="bbox 93 3280 1238 3378; baseline 0.007 -23"><span class='ocrx_word' id='word_1_231' title='bbox 93 3291 129 3357; x_wconf 89' lang='lat' dir='ltr'><strong>de</strong></span> <span class='ocrx_word' id='word_1_232' title='bbox 157 3295 297 3378; x_wconf 87' lang='lat' dir='ltr'><strong>gloriosa</strong></span> <span class='ocrx_word' id='word_1_233' title='bbox 324 3296 471 3377; x_wconf 90' lang='lat' dir='ltr'><strong>passione</strong></span> <span class='ocrx_word' id='word_1_234' title='bbox 500 3296 741 3361; x_wconf 80' lang='lat' dir='ltr'><strong>machabeorum</strong></span> <span class='ocrx_word' id='word_1_235' title='bbox 771 3301 804 3360; x_wconf 89' lang='lat' dir='ltr'><strong>et</strong></span> <span class='ocrx_word' id='word_1_236' title='bbox 832 3296 869 3359; x_wconf 91' lang='lat' dir='ltr'><strong>de</strong></span> <span class='ocrx_word' id='word_1_237' title='bbox 894 3280 948 3361; x_wconf 70' lang='lat' dir='ltr'><strong>sco</strong></span> <span class='ocrx_word' id='word_1_238' title='bbox 973 3297 1111 3362; x_wconf 86' lang='lat' dir='ltr'><strong>eleazaro</strong></span> <span class='ocrx_word' id='word_1_239' title='bbox 1137 3318 1238 3363; x_wconf 89' lang='lat' dir='ltr'><strong>saeer-</strong></span> 
     </span>
     <span class='ocr_line' id='line_1_29' title="bbox 92 3399 1238 3489; baseline 0.007 -27"><span class='ocrx_word' id='word_1_240' title='bbox 92 3399 163 3464; x_wconf 91' lang='lat' dir='ltr'><strong>dote</strong></span> <span class='ocrx_word' id='word_1_241' title='bbox 187 3421 296 3465; x_wconf 90' lang='lat' dir='ltr'><strong>eorum</strong></span> <span class='ocrx_word' id='word_1_242' title='bbox 321 3402 441 3484; x_wconf 87' lang='lat' dir='ltr'><strong>optimo</strong></span> <span class='ocrx_word' id='word_1_243' title='bbox 461 3403 614 3485; x_wconf 87' lang='lat' dir='ltr'><strong>magistro</strong></span> <span class='ocrx_word' id='word_1_244' title='bbox 634 3405 667 3465; x_wconf 88' lang='lat' dir='ltr'><strong>et</strong></span> <span class='ocrx_word' id='word_1_245' title='bbox 689 3402 826 3483; x_wconf 69' lang='lat' dir='ltr'><strong>duce&#39;.²)</strong></span> <span class='ocrx_word' id='word_1_246' title='bbox 853 3403 908 3466; x_wconf 86' lang='lat' dir='ltr'><strong>sed</strong></span> <span class='ocrx_word' id='word_1_247' title='bbox 932 3408 1055 3486; x_wconf 88' lang='lat' dir='ltr'><strong>praeter</strong></span> <span class='ocrx_word' id='word_1_248' title='bbox 1078 3405 1138 3469; x_wconf 90' lang='lat' dir='ltr'><strong>boe</strong></span> <span class='ocrx_word' id='word_1_249' title='bbox 1162 3424 1238 3489; x_wconf 92' lang='lat' dir='ltr'><strong>opu·</strong></span> 
     </span>
     <span class='ocr_line' id='line_1_30' title="bbox 91 3508 1238 3592; baseline 0.008 -24"><span class='ocrx_word' id='word_1_250' title='bbox 91 3508 217 3572; x_wconf 90' lang='lat' dir='ltr'><strong>sculum</strong></span> <span class='ocrx_word' id='word_1_251' title='bbox 240 3508 446 3573; x_wconf 83' lang='lat' dir='ltr'><strong>Ambrosium</strong></span> <span class='ocrx_word' id='word_1_252' title='bbox 474 3509 608 3573; x_wconf 86' lang='lat' dir='ltr'><strong>alterum</strong></span> <span class='ocrx_word' id='word_1_253' title='bbox 642 3527 766 3589; x_wconf 89' lang='lat' dir='ltr'><strong>quoque</strong></span> <span class='ocrx_word' id='word_1_254' title='bbox 798 3508 850 3572; x_wconf 89' lang='lat' dir='ltr'><strong>uel</strong></span> <span class='ocrx_word' id='word_1_255' title='bbox 882 3508 989 3592; x_wconf 90' lang='lat' dir='ltr'><strong>plures</strong></span> <span class='ocrx_word' id='word_1_256' title='bbox 1019 3510 1112 3574; x_wconf 88' lang='lat' dir='ltr'><strong>etiam</strong></span> <span class='ocrx_word' id='word_1_257' title='bbox 1141 3512 1238 3577; x_wconf 91' lang='lat' dir='ltr'><strong>libros</strong></span> 
     </span>
    </p>
   </div>
   <div class='ocr_carea' id='block_1_3' title="bbox 89 3664 1237 4178">
    <p class='ocr_par' dir='ltr' id='par_1_3' title="bbox 90 3664 1237 3913">
     <span class='ocr_line' id='line_1_31' title="bbox 138 3664 1237 3735; baseline 0.005 -17"><span class='ocrx_word' id='word_1_258' title='bbox 138 3665 156 3731; x_wconf 80' lang='lat'><strong>¹)</strong></span> <span class='ocrx_word' id='word_1_259' title='bbox 178 3665 300 3718; x_wconf 75' lang='lat' dir='ltr'><strong>Alterum</strong></span> <span class='ocrx_word' id='word_1_260' title='bbox 324 3664 434 3717; x_wconf 87' lang='lat' dir='ltr'><strong>titulum</strong></span> <span class='ocrx_word' id='word_1_261' title='bbox 458 3665 511 3718; x_wconf 90' lang='lat' dir='ltr'><strong>iam</strong></span> <span class='ocrx_word' id='word_1_262' title='bbox 534 3664 669 3718; x_wconf 87' lang='lat' dir='ltr'><strong>Eusebius</strong></span> <span class='ocrx_word' id='word_1_263' title='bbox 692 3669 813 3727; x_wconf 85' lang='lat' dir='ltr'><strong>nouerat,</strong></span> <span class='ocrx_word' id='word_1_264' title='bbox 838 3666 884 3734; x_wconf 88' lang='lat' dir='ltr'><strong>qui</strong></span> <span class='ocrx_word' id='word_1_265' title='bbox 907 3666 979 3720; x_wconf 86' lang='lat' dir='ltr'><strong>Hist.</strong></span> <span class='ocrx_word' id='word_1_266' title='bbox 1002 3667 1065 3721; x_wconf 86' lang='lat' dir='ltr'><strong>eccl.</strong></span> <span class='ocrx_word' id='word_1_267' title='bbox 1089 3668 1131 3721; x_wconf 85' lang='grc' dir='ltr'><strong>ΙΙΙ</strong></span> <span class='ocrx_word' id='word_1_268' title='bbox 1157 3671 1197 3735; x_wconf 85' lang='lat'><strong>10,</strong></span> <span class='ocrx_word' id='word_1_269' title='bbox 1222 3672 1237 3724; x_wconf 88' lang='lat'><strong>3</strong></span> 
     </span>
     <span class='ocr_line' id='line_1_32' title="bbox 90 3751 1237 3824; baseline 0 -16"><span class='ocrx_word' id='word_1_270' title='bbox 90 3753 260 3824; x_wconf 84' lang='lat' dir='ltr'><strong>inscriptioni</strong></span> <span class='ocrx_word' id='word_1_271' title='bbox 284 3752 342 3820; x_wconf 75' lang='grc' dir='ltr'><strong>περὶ</strong></span> <span class='ocrx_word' id='word_1_272' title='bbox 365 3751 554 3823; x_wconf 68' lang='grc' dir='ltr'><strong>αὐτοκράτορος</strong></span> <span class='ocrx_word' id='word_1_273' title='bbox 578 3751 701 3824; x_wconf 68' lang='grc' dir='ltr'><strong>λογισμοῦ</strong></span> <span class='ocrx_word' id='word_1_274' title='bbox 723 3754 790 3807; x_wconf 82' lang='lat' dir='ltr'><strong>baec</strong></span> <span class='ocrx_word' id='word_1_275' title='bbox 815 3753 903 3808; x_wconf 84' lang='lat' dir='ltr'><strong>addit:</strong></span> <span class='ocrx_word' id='word_1_276' title='bbox 928 3754 942 3805; x_wconf 73' lang='grc' dir='ltr'><strong>ο</strong></span> <span class='ocrx_word' id='word_1_277' title='bbox 962 3773 1028 3820; x_wconf 77' lang='grc' dir='ltr'><strong>τινες</strong></span> <span class='ocrx_word' id='word_1_278' title='bbox 1048 3754 1237 3824; x_wconf 74' lang='grc' dir='ltr'><strong>Μακκαβοίίκὺν</strong></span> 
     </span>
     <span class='ocr_line' id='line_1_33' title="bbox 90 3840 247 3913; baseline 0.013 -21"><span class='ocrx_word' id='word_1_279' title='bbox 90 3840 247 3913; x_wconf 64' lang='grc' dir='ltr'>ἐπέγραψαν.</span> 
     </span>
    </p>

    <p class='ocr_par' dir='ltr' id='par_1_4' title="bbox 89 3928 1236 4178">
     <span class='ocr_line' id='line_1_34' title="bbox 135 3928 1236 4002; baseline 0.002 -18"><span class='ocrx_word' id='word_1_280' title='bbox 135 3928 155 3999; x_wconf 79' lang='lat'><strong>²)</strong></span> <span class='ocrx_word' id='word_1_281' title='bbox 175 3929 333 3984; x_wconf 85' lang='lat' dir='ltr'><strong>Orationem</strong></span> <span class='ocrx_word' id='word_1_282' title='bbox 356 3929 431 3983; x_wconf 87' lang='lat' dir='ltr'><strong>illem</strong></span> <span class='ocrx_word' id='word_1_283' title='bbox 456 3928 488 3983; x_wconf 88' lang='lat' dir='ltr'><strong>de</strong></span> <span class='ocrx_word' id='word_1_284' title='bbox 512 3931 625 3984; x_wconf 85' lang='lat' dir='ltr'><strong>rationis</strong></span> <span class='ocrx_word' id='word_1_285' title='bbox 649 3931 779 3999; x_wconf 87' lang='lat' dir='ltr'><strong>regimine</strong></span> <span class='ocrx_word' id='word_1_286' title='bbox 800 3930 956 3985; x_wconf 77' lang='lat' dir='ltr'><strong>Ambrosius</strong></span> <span class='ocrx_word' id='word_1_287' title='bbox 980 3949 1087 4002; x_wconf 87' lang='lat' dir='ltr'><strong>quoquc</strong></span> <span class='ocrx_word' id='word_1_288' title='bbox 1107 3932 1140 3986; x_wconf 81' lang='lat' dir='ltr'><strong>de</strong></span> <span class='ocrx_word' id='word_1_289' title='bbox 1160 3933 1236 3986; x_wconf 88' lang='lat' dir='ltr'><strong>off.l</strong></span> 
     </span>
     <span class='ocr_line' id='line_1_35' title="bbox 89 4018 1236 4090; baseline 0.002 -20"><span class='ocrx_word' id='word_1_290' title='bbox 89 4018 133 4080; x_wconf 81' lang='grc'><strong>41,</strong></span> <span class='ocrx_word' id='word_1_291' title='bbox 151 4018 204 4072; x_wconf 87' lang='grc'><strong>202</strong></span> <span class='ocrx_word' id='word_1_292' title='bbox 224 4034 264 4086; x_wconf 85' lang='lat' dir='ltr'><strong>sq.</strong></span> <span class='ocrx_word' id='word_1_293' title='bbox 285 4021 347 4072; x_wconf 83' lang='lat' dir='ltr'><strong>ante</strong></span> <span class='ocrx_word' id='word_1_294' title='bbox 367 4018 459 4072; x_wconf 88' lang='lat' dir='ltr'><strong>oculos</strong></span> <span class='ocrx_word' id='word_1_295' title='bbox 477 4018 582 4085; x_wconf 85' lang='lat' dir='ltr'><strong>babuit,</strong></span> <span class='ocrx_word' id='word_1_296' title='bbox 598 4035 650 4087; x_wconf 87' lang='lat' dir='ltr'><strong>quo</strong></span> <span class='ocrx_word' id='word_1_297' title='bbox 664 4020 724 4073; x_wconf 88' lang='lat' dir='ltr'><strong>loco</strong></span> <span class='ocrx_word' id='word_1_298' title='bbox 745 4038 776 4073; x_wconf 87' lang='lat' dir='ltr'><strong>ea</strong></span> <span class='ocrx_word' id='word_1_299' title='bbox 791 4037 859 4090; x_wconf 84' lang='lat' dir='ltr'><strong>quoe</strong></span> <span class='ocrx_word' id='word_1_300' title='bbox 875 4020 907 4074; x_wconf 87' lang='lat' dir='ltr'><strong>de</strong></span> <span class='ocrx_word' id='word_1_301' title='bbox 922 4020 1110 4075; x_wconf 77' lang='lat' dir='ltr'><strong>blacrlrabaeis</strong></span> <span class='ocrx_word' id='word_1_302' title='bbox 1125 4022 1152 4074; x_wconf 89' lang='lat' dir='ltr'><strong>in</strong></span> <span class='ocrx_word' id='word_1_303' title='bbox 1167 4022 1236 4075; x_wconf 91' lang='lat' dir='ltr'><strong>libro</strong></span> 
     </span>
     <span class='ocr_line' id='line_1_36' title="bbox 90 4104 1235 4178; baseline 0.005 -21"><span class='ocrx_word' id='word_1_304' title='bbox 90 4104 173 4159; x_wconf 84' lang='lat' dir='ltr'><strong>altero</strong></span> <span class='ocrx_word' id='word_1_305' title='bbox 193 4106 227 4159; x_wconf 84' lang='lat' dir='ltr'><strong>de</strong></span> <span class='ocrx_word' id='word_1_306' title='bbox 247 4104 328 4159; x_wconf 87' lang='lat' dir='ltr'><strong>Iacob</strong></span> <span class='ocrx_word' id='word_1_307' title='bbox 352 4114 511 4175; x_wconf 82' lang='lat' dir='ltr'><strong>exposuerat</strong></span> <span class='ocrx_word' id='word_1_308' title='bbox 535 4106 643 4160; x_wconf 87' lang='lat' dir='ltr'><strong>breuius</strong></span> <span class='ocrx_word' id='word_1_309' title='bbox 668 4109 832 4178; x_wconf 80' lang='lat' dir='ltr'><strong>perstrinxit.</strong></span> <span class='ocrx_word' id='word_1_310' title='bbox 852 4126 987 4162; x_wconf 86' lang='lat' dir='ltr'><strong>sermones</strong></span> <span class='ocrx_word' id='word_1_311' title='bbox 1012 4110 1081 4162; x_wconf 85' lang='lat' dir='ltr'><strong>euim</strong></span> <span class='ocrx_word' id='word_1_312' title='bbox 1103 4109 1135 4163; x_wconf 92' lang='lat' dir='ltr'><strong>de</strong></span> <span class='ocrx_word' id='word_1_313' title='bbox 1154 4110 1235 4163; x_wconf 88' lang='lat' dir='ltr'><strong>Iacob</strong></span> 
     </span>
    </p>
   </div>
   <div class='ocr_carea' id='block_1_4' title="bbox 88 4193 1235 4337">
    <p class='ocr_par' dir='ltr' id='par_1_5' title="bbox 88 4193 1235 4337">
     <span class='ocr_line' id='line_1_37' title="bbox 90 4193 1235 4268; baseline 0.007 -23"><span class='ocrx_word' id='word_1_314' title='bbox 90 4198 151 4247; x_wconf 86' lang='lat' dir='ltr'><strong>aute</strong></span> <span class='ocrx_word' id='word_1_315' title='bbox 169 4195 256 4248; x_wconf 88' lang='lat' dir='ltr'><strong>libros</strong></span> <span class='ocrx_word' id='word_1_316' title='bbox 275 4193 308 4248; x_wconf 84' lang='lat' dir='ltr'><strong>de</strong></span> <span class='ocrx_word' id='word_1_317' title='bbox 327 4194 424 4248; x_wconf 83' lang='lat' dir='ltr'><strong>officiis</strong></span> <span class='ocrx_word' id='word_1_318' title='bbox 443 4195 559 4265; x_wconf 88' lang='lat' dir='ltr'><strong>scriptos</strong></span> <span class='ocrx_word' id='word_1_319' title='bbox 579 4213 637 4250; x_wconf 85' lang='lat' dir='ltr'><strong>esse</strong></span> <span class='ocrx_word' id='word_1_320' title='bbox 656 4200 729 4251; x_wconf 88' lang='lat' dir='ltr'><strong>recte</strong></span> <span class='ocrx_word' id='word_1_321' title='bbox 744 4198 841 4251; x_wconf 88' lang='lat' dir='ltr'><strong>statuit</strong></span> <span class='ocrx_word' id='word_1_322' title='bbox 856 4198 915 4251; x_wconf 92' lang='lat' dir='ltr'><strong>lbru</strong></span> <span class='ocrx_word' id='word_1_323' title='bbox 930 4196 1006 4252; x_wconf 69' lang='lat' dir='ltr'><strong>erud.</strong></span> <span class='ocrx_word' id='word_1_324' title='bbox 1022 4197 1144 4252; x_wconf 79' lang='lat' dir='ltr'><strong>Ambros.</strong></span> <span class='ocrx_word' id='word_1_325' title='bbox 1160 4217 1185 4268; x_wconf 92' lang='lat' dir='ltr'><strong>p.</strong></span> <span class='ocrx_word' id='word_1_326' title='bbox 1203 4200 1235 4253; x_wconf 85' lang='grc'><strong>16</strong></span> 
     </span>
     <span class='ocr_line' id='line_1_38' title="bbox 88 4280 212 4337; baseline 0.032 -4"><span class='ocrx_word' id='word_1_327' title='bbox 88 4280 149 4335; x_wconf 83' lang='lat' dir='ltr'><strong>adn¹</strong></span> <span class='ocrx_word' id='word_1_328' title='bbox 168 4284 212 4337; x_wconf 79' lang='grc'><strong>27.</strong></span> 
     </span>
    </p>
   </div>
   <div class='ocr_carea' id='block_1_5' title="bbox 0 0 1406 5168">
    <p class='ocr_par' dir='ltr' id='par_1_6' title="bbox 0 0 1406 5168">
     <span class='ocr_line' id='line_1_39' title="bbox 0 0 1406 5168; baseline 0 4"><span class='ocrx_word' id='word_1_329' title='bbox 0 0 1406 5168; x_wconf 95' lang='lat' dir='ltr'><strong> </strong></span> 
     </span>
    </p>
   </div>
  </div>
 </body>
</html>
