<?xml version="1.0" encoding="UTF-8"?>
<!DOCTYPE html PUBLIC "-//W3C//DTD XHTML 1.0 Transitional//EN"
    "http://www.w3.org/TR/xhtml1/DTD/xhtml1-transitional.dtd">
<html xmlns="http://www.w3.org/1999/xhtml" xml:lang="en" lang="en">
 <head>
  <title>
</title>
<meta http-equiv="Content-Type" content="text/html;charset=utf-8" />
  <meta name='ocr-system' content='tesseract 3.04.00' />
  <meta name='ocr-capabilities' content='ocr_page ocr_carea ocr_par ocr_line ocrx_word'/>
</head>
<body>
  <div class='ocr_page' id='page_1' title='image "./sanctiambrosiio04petsgoog/sanctiambrosiio04petsgoog_0015.png"; bbox 0 0 2804 5168; ppageno 0'>
   <div class='ocr_carea' id='block_1_1' title="bbox 152 700 833 768">
    <p class='ocr_par' dir='ltr' id='par_1_1' title="bbox 152 700 833 768">
     <span class='ocr_line' id='line_1_1' title="bbox 152 700 833 768; baseline -0.007 -11"><span class='ocrx_word' id='word_1_1' title='bbox 152 706 184 768; x_wconf 86' lang='grc' dir='ltr'><strong>ΙΙ</strong></span> <span class='ocrx_word' id='word_1_2' title='bbox 615 700 833 756; x_wconf 83' lang='lat' dir='ltr'><strong>Praefatio.</strong></span> 
     </span>
    </p>
   </div>
   <div class='ocr_carea' id='block_1_2' title="bbox 152 893 1302 1615">
    <p class='ocr_par' dir='ltr' id='par_1_2' title="bbox 152 893 1302 1615">
     <span class='ocr_line' id='line_1_2' title="bbox 152 893 1302 977; baseline -0.004 -17"><span class='ocrx_word' id='word_1_3' title='bbox 152 895 268 960; x_wconf 80' lang='lat' dir='ltr'><strong>cistam</strong></span> <span class='ocrx_word' id='word_1_4' title='bbox 301 914 371 959; x_wconf 87' lang='lat' dir='ltr'><strong>esse</strong></span> <span class='ocrx_word' id='word_1_5' title='bbox 403 895 562 960; x_wconf 89' lang='lat' dir='ltr'><strong>uidemus.</strong></span> <span class='ocrx_word' id='word_1_6' title='bbox 594 893 691 958; x_wconf 85' lang='lat' dir='ltr'><strong>uariis</strong></span> <span class='ocrx_word' id='word_1_7' title='bbox 719 893 818 977; x_wconf 84' lang='lat' dir='ltr'><strong>igitur</strong></span> <span class='ocrx_word' id='word_1_8' title='bbox 845 894 947 958; x_wconf 87' lang='lat' dir='ltr'><strong>modis</strong></span> <span class='ocrx_word' id='word_1_9' title='bbox 975 894 1038 958; x_wconf 89' lang='lat' dir='ltr'><strong>iam</strong></span> <span class='ocrx_word' id='word_1_10' title='bbox 1061 895 1134 958; x_wconf 89' lang='lat' dir='ltr'><strong>iude</strong></span> <span class='ocrx_word' id='word_1_11' title='bbox 1159 894 1196 958; x_wconf 88' lang='lat' dir='ltr'><strong>ab</strong></span> <span class='ocrx_word' id='word_1_12' title='bbox 1220 896 1302 958; x_wconf 83' lang='lat' dir='ltr'><strong>enti-</strong></span> 
     </span>
     <span class='ocr_line' id='line_1_3' title="bbox 152 1000 1301 1085; baseline -0.003 -19"><span class='ocrx_word' id='word_1_13' title='bbox 152 1002 317 1085; x_wconf 88' lang='lat' dir='ltr'><strong>quissimis</strong></span> <span class='ocrx_word' id='word_1_14' title='bbox 349 1001 546 1085; x_wconf 81' lang='lat' dir='ltr'><strong>temporibus</strong></span> <span class='ocrx_word' id='word_1_15' title='bbox 573 1000 734 1064; x_wconf 84' lang='lat' dir='ltr'>Ambrosii</span> <span class='ocrx_word' id='word_1_16' title='bbox 766 1001 953 1082; x_wconf 79' lang='lat' dir='ltr'>scriptiones</span> <span class='ocrx_word' id='word_1_17' title='bbox 987 1001 1137 1065; x_wconf 89' lang='lat' dir='ltr'><strong>collectas</strong></span> <span class='ocrx_word' id='word_1_18' title='bbox 1162 1004 1301 1065; x_wconf 83' lang='grc'><strong>616661-</strong></span> 
     </span>
     <span class='ocr_line' id='line_1_4' title="bbox 152 1106 1301 1192; baseline -0.003 -19"><span class='ocrx_word' id='word_1_19' title='bbox 152 1110 274 1192; x_wconf 89' lang='lat' dir='ltr'><strong>posites</strong></span> <span class='ocrx_word' id='word_1_20' title='bbox 313 1128 383 1173; x_wconf 90' lang='lat' dir='ltr'><strong>esee</strong></span> <span class='ocrx_word' id='word_1_21' title='bbox 419 1110 516 1191; x_wconf 89' lang='lat' dir='ltr'><strong>patet.</strong></span> <span class='ocrx_word' id='word_1_22' title='bbox 555 1126 649 1188; x_wconf 87' lang='lat' dir='ltr'><strong>quam</strong></span> <span class='ocrx_word' id='word_1_23' title='bbox 687 1106 726 1171; x_wconf 92' lang='lat' dir='ltr'><strong>ob</strong></span> <span class='ocrx_word' id='word_1_24' title='bbox 763 1125 830 1171; x_wconf 90' lang='lat' dir='ltr'><strong>rem</strong></span> <span class='ocrx_word' id='word_1_25' title='bbox 867 1106 968 1171; x_wconf 89' lang='grc'><strong>661166</strong></span> <span class='ocrx_word' id='word_1_26' title='bbox 1006 1107 1080 1171; x_wconf 81' lang='lat' dir='ltr'><strong>duxi</strong></span> <span class='ocrx_word' id='word_1_27' title='bbox 1111 1108 1169 1172; x_wconf 88' lang='lat' dir='ltr'><strong>lros</strong></span> <span class='ocrx_word' id='word_1_28' title='bbox 1202 1107 1301 1171; x_wconf 89' lang='lat' dir='ltr'><strong>libros</strong></span> 
     </span>
     <span class='ocr_line' id='line_1_5' title="bbox 153 1212 1300 1296; baseline -0.003 -17"><span class='ocrx_word' id='word_1_29' title='bbox 153 1215 327 1280; x_wconf 88' lang='lat' dir='ltr'><strong>secundum</strong></span> <span class='ocrx_word' id='word_1_30' title='bbox 351 1233 424 1278; x_wconf 92' lang='lat' dir='ltr'><strong>eum</strong></span> <span class='ocrx_word' id='word_1_31' title='bbox 448 1217 627 1296; x_wconf 91' lang='lat' dir='ltr'><strong>temporum</strong></span> <span class='ocrx_word' id='word_1_32' title='bbox 651 1213 800 1289; x_wconf 78' lang='lat' dir='ltr'>ordinem,</span> <span class='ocrx_word' id='word_1_33' title='bbox 825 1212 878 1294; x_wconf 88' lang='lat' dir='ltr'><strong>qui</strong></span> <span class='ocrx_word' id='word_1_34' title='bbox 904 1232 992 1277; x_wconf 82' lang='lat' dir='ltr'><strong>secra</strong></span> <span class='ocrx_word' id='word_1_35' title='bbox 1015 1214 1169 1295; x_wconf 86' lang='lat' dir='ltr'><strong>scriptura</strong></span> <span class='ocrx_word' id='word_1_36' title='bbox 1194 1212 1300 1276; x_wconf 84' lang='lat' dir='ltr'><strong>defini·</strong></span> 
     </span>
     <span class='ocr_line' id='line_1_6' title="bbox 153 1319 1302 1403; baseline -0.003 -18"><span class='ocrx_word' id='word_1_37' title='bbox 153 1326 215 1397; x_wconf 86' lang='lat' dir='ltr'><strong>tur,</strong></span> <span class='ocrx_word' id='word_1_38' title='bbox 253 1321 417 1403; x_wconf 79' lang='lat' dir='ltr'><strong>disponere</strong></span> <span class='ocrx_word' id='word_1_39' title='bbox 453 1321 507 1397; x_wconf 85' lang='grc'><strong>116,</strong></span> <span class='ocrx_word' id='word_1_40' title='bbox 545 1323 582 1384; x_wconf 85' lang='grc'><strong>61</strong></span> <span class='ocrx_word' id='word_1_41' title='bbox 618 1338 779 1385; x_wconf 83' lang='lat' dir='ltr'><strong>sermones</strong></span> <span class='ocrx_word' id='word_1_42' title='bbox 816 1319 854 1384; x_wconf 91' lang='lat' dir='ltr'><strong>de</strong></span> <span class='ocrx_word' id='word_1_43' title='bbox 890 1319 1142 1401; x_wconf 78' lang='lat' dir='ltr'><strong>interpellatione</strong></span> <span class='ocrx_word' id='word_1_44' title='bbox 1174 1319 1230 1383; x_wconf 92' lang='lat' dir='ltr'><strong>lob</strong></span> <span class='ocrx_word' id='word_1_45' title='bbox 1269 1326 1302 1383; x_wconf 88' lang='lat' dir='ltr'><strong>et</strong></span> 
     </span>
     <span class='ocr_line' id='line_1_7' title="bbox 153 1426 1300 1511; baseline -0.003 -20"><span class='ocrx_word' id='word_1_46' title='bbox 153 1427 259 1491; x_wconf 90' lang='lat' dir='ltr'><strong>Dauid</strong></span> <span class='ocrx_word' id='word_1_47' title='bbox 291 1427 420 1491; x_wconf 89' lang='lat' dir='ltr'><strong>libellus</strong></span> <span class='ocrx_word' id='word_1_48' title='bbox 453 1427 492 1491; x_wconf 92' lang='lat' dir='ltr'><strong>de</strong></span> <span class='ocrx_word' id='word_1_49' title='bbox 525 1427 671 1511; x_wconf 84' lang='lat' dir='ltr'><strong>apologie</strong></span> <span class='ocrx_word' id='word_1_50' title='bbox 698 1426 802 1491; x_wconf 85' lang='lat' dir='ltr'><strong>Dauid</strong></span> <span class='ocrx_word' id='word_1_51' title='bbox 836 1430 929 1508; x_wconf 86' lang='lat' dir='ltr'><strong>atque</strong></span> <span class='ocrx_word' id='word_1_52' title='bbox 963 1427 1046 1490; x_wconf 86' lang='lat' dir='ltr'><strong>lrunc.</strong></span> <span class='ocrx_word' id='word_1_53' title='bbox 1079 1427 1232 1507; x_wconf 81' lang='lat' dir='ltr'><strong>opusculo</strong></span> <span class='ocrx_word' id='word_1_54' title='bbox 1262 1426 1300 1488; x_wconf 90' lang='lat' dir='ltr'><strong>de</strong></span> 
     </span>
     <span class='ocr_line' id='line_1_8' title="bbox 153 1532 948 1615; baseline 0.003 -18"><span class='ocrx_word' id='word_1_55' title='bbox 153 1533 257 1612; x_wconf 86' lang='lat' dir='ltr'><strong>Helia,</strong></span> <span class='ocrx_word' id='word_1_56' title='bbox 283 1534 320 1597; x_wconf 91' lang='lat' dir='ltr'><strong>de</strong></span> <span class='ocrx_word' id='word_1_57' title='bbox 344 1533 522 1611; x_wconf 83' lang='lat' dir='ltr'><strong>Nabuthae,</strong></span> <span class='ocrx_word' id='word_1_58' title='bbox 547 1532 585 1596; x_wconf 92' lang='lat' dir='ltr'><strong>de</strong></span> <span class='ocrx_word' id='word_1_59' title='bbox 610 1532 709 1597; x_wconf 84' lang='lat' dir='ltr'><strong>Tobia</strong></span> <span class='ocrx_word' id='word_1_60' title='bbox 733 1537 948 1615; x_wconf 85' lang='lat' dir='ltr'><strong>sequerentur.</strong></span> 
     </span>
    </p>
   </div>
   <div class='ocr_carea' id='block_1_3' title="bbox 150 2264 1300 4692">
    <p class='ocr_par' dir='ltr' id='par_1_3' title="bbox 150 2264 1300 4692">
     <span class='ocr_line' id='line_1_9' title="bbox 198 2264 1298 2348; baseline -0.002 -17"><span class='ocrx_word' id='word_1_61' title='bbox 198 2265 314 2331; x_wconf 89' lang='lat' dir='ltr'><strong>Omnes</strong></span> <span class='ocrx_word' id='word_1_62' title='bbox 339 2286 418 2348; x_wconf 90' lang='lat' dir='ltr'><strong>quos</strong></span> <span class='ocrx_word' id='word_1_63' title='bbox 442 2267 502 2329; x_wconf 91' lang='lat' dir='ltr'><strong>lroc</strong></span> <span class='ocrx_word' id='word_1_64' title='bbox 525 2265 676 2329; x_wconf 91' lang='lat' dir='ltr'><strong>uolumen</strong></span> <span class='ocrx_word' id='word_1_65' title='bbox 700 2264 922 2347; x_wconf 78' lang='lat' dir='ltr'><strong>complectitur</strong></span> <span class='ocrx_word' id='word_1_66' title='bbox 944 2265 1104 2329; x_wconf 81' lang='lat' dir='ltr'><strong>Ambrosii</strong></span> <span class='ocrx_word' id='word_1_67' title='bbox 1126 2264 1199 2329; x_wconf 89' lang='lat' dir='ltr'><strong>libri</strong></span> <span class='ocrx_word' id='word_1_68' title='bbox 1223 2266 1298 2346; x_wconf 91' lang='lat' dir='ltr'><strong>quin</strong></span> 
     </span>
     <span class='ocr_line' id='line_1_10' title="bbox 152 2370 1300 2454; baseline -0.004 -15"><span class='ocrx_word' id='word_1_69' title='bbox 152 2394 189 2439; x_wconf 80' lang='lat' dir='ltr'><strong>er</strong></span> <span class='ocrx_word' id='word_1_70' title='bbox 227 2372 422 2438; x_wconf 86' lang='lat' dir='ltr'><strong>orationibus</strong></span> <span class='ocrx_word' id='word_1_71' title='bbox 461 2390 539 2454; x_wconf 87' lang='lat' dir='ltr'><strong>quas</strong></span> <span class='ocrx_word' id='word_1_72' title='bbox 576 2371 631 2435; x_wconf 88' lang='lat' dir='ltr'><strong>ille</strong></span> <span class='ocrx_word' id='word_1_73' title='bbox 673 2371 703 2434; x_wconf 95' lang='lat' dir='ltr'><strong>in</strong></span> <span class='ocrx_word' id='word_1_74' title='bbox 746 2371 878 2434; x_wconf 84' lang='lat' dir='ltr'><strong>basilica</strong></span> <span class='ocrx_word' id='word_1_75' title='bbox 915 2370 1144 2437; x_wconf 84' lang='lat' dir='ltr'><strong>Mediolanensi</strong></span> <span class='ocrx_word' id='word_1_76' title='bbox 1187 2372 1300 2436; x_wconf 90' lang='lat' dir='ltr'><strong>habuit</strong></span> 
     </span>
     <span class='ocr_line' id='line_1_11' title="bbox 152 2477 1298 2559; baseline -0.002 -15"><span class='ocrx_word' id='word_1_77' title='bbox 152 2480 329 2545; x_wconf 84' lang='lat' dir='ltr'><strong>concinnati</strong></span> <span class='ocrx_word' id='word_1_78' title='bbox 364 2479 427 2543; x_wconf 89' lang='lat' dir='ltr'><strong>sint</strong></span> <span class='ocrx_word' id='word_1_79' title='bbox 465 2477 603 2542; x_wconf 83' lang='lat' dir='ltr'><strong>dubitari</strong></span> <span class='ocrx_word' id='word_1_80' title='bbox 640 2495 701 2540; x_wconf 94' lang='lat' dir='ltr'><strong>non</strong></span> <span class='ocrx_word' id='word_1_81' title='bbox 732 2479 849 2559; x_wconf 89' lang='lat' dir='ltr'><strong>potest.</strong></span> <span class='ocrx_word' id='word_1_82' title='bbox 892 2480 987 2559; x_wconf 87' lang='lat' dir='ltr'><strong>atque</strong></span> <span class='ocrx_word' id='word_1_83' title='bbox 1020 2481 1057 2541; x_wconf 91' lang='lat' dir='ltr'><strong>nt</strong></span> <span class='ocrx_word' id='word_1_84' title='bbox 1085 2497 1102 2542; x_wconf 86' lang='lat' dir='ltr'><strong>a</strong></span> <span class='ocrx_word' id='word_1_85' title='bbox 1129 2477 1219 2543; x_wconf 87' lang='lat' dir='ltr'><strong>libris</strong></span> <span class='ocrx_word' id='word_1_86' title='bbox 1253 2479 1298 2542; x_wconf 90' lang='lat' dir='ltr'><strong>de</strong></span> 
     </span>
     <span class='ocr_line' id='line_1_12' title="bbox 152 2582 1297 2667; baseline 0 -18"><span class='ocrx_word' id='word_1_87' title='bbox 152 2585 273 2650; x_wconf 87' lang='lat' dir='ltr'><strong>Iacob</strong></span> <span class='ocrx_word' id='word_1_88' title='bbox 298 2588 330 2649; x_wconf 90' lang='lat' dir='ltr'><strong>et</strong></span> <span class='ocrx_word' id='word_1_89' title='bbox 352 2584 420 2648; x_wconf 85' lang='lat' dir='ltr'><strong>uite</strong></span> <span class='ocrx_word' id='word_1_90' title='bbox 443 2585 536 2649; x_wconf 85' lang='lat' dir='ltr'><strong>beate</strong></span> <span class='ocrx_word' id='word_1_91' title='bbox 559 2583 729 2657; x_wconf 85' lang='lat' dir='ltr'><strong>ordiamur,</strong></span> <span class='ocrx_word' id='word_1_92' title='bbox 753 2582 786 2646; x_wconf 93' lang='lat' dir='ltr'><strong>id</strong></span> <span class='ocrx_word' id='word_1_93' title='bbox 809 2584 1031 2664; x_wconf 83' lang='lat' dir='ltr'><strong>comprobatur</strong></span> <span class='ocrx_word' id='word_1_94' title='bbox 1053 2583 1159 2648; x_wconf 89' lang='lat' dir='ltr'><strong>uerbis</strong></span> <span class='ocrx_word' id='word_1_95' title='bbox 1184 2605 1214 2667; x_wconf 91' lang='lat' dir='ltr'><strong>p.</strong></span> <span class='ocrx_word' id='word_1_96' title='bbox 1243 2587 1297 2649; x_wconf 78' lang='lat'><strong>45.</strong></span> 
     </span>
     <span class='ocr_line' id='line_1_13' title="bbox 152 2689 1297 2774; baseline -0.002 -17"><span class='ocrx_word' id='word_1_97' title='bbox 152 2694 173 2756; x_wconf 81' lang='grc'><strong>9</strong></span> <span class='ocrx_word' id='word_1_98' title='bbox 205 2692 300 2756; x_wconf 86' lang='lat' dir='ltr'><strong>‘sicut</strong></span> <span class='ocrx_word' id='word_1_99' title='bbox 333 2690 451 2756; x_wconf 85' lang='lat' dir='ltr'><strong>audisti</strong></span> <span class='ocrx_word' id='word_1_100' title='bbox 482 2690 546 2773; x_wconf 84' lang='lat' dir='ltr'><strong>legi</strong></span> <span class='ocrx_word' id='word_1_101' title='bbox 575 2689 689 2767; x_wconf 74' lang='lat' dir='ltr'><strong>bodie,</strong></span> <span class='ocrx_word' id='word_1_102' title='bbox 714 2690 829 2772; x_wconf 87' lang='lat' dir='ltr'><strong>quibus</strong></span> <span class='ocrx_word' id='word_1_103' title='bbox 864 2689 1060 2774; x_wconf 86' lang='lat' dir='ltr'><strong>significatur</strong></span> <span class='ocrx_word' id='word_1_104' title='bbox 1087 2710 1123 2754; x_wconf 92' lang='lat' dir='ltr'><strong>eo</strong></span> <span class='ocrx_word' id='word_1_105' title='bbox 1153 2691 1202 2754; x_wconf 90' lang='lat' dir='ltr'><strong>die</strong></span> <span class='ocrx_word' id='word_1_106' title='bbox 1235 2710 1297 2772; x_wconf 91' lang='lat' dir='ltr'><strong>quo</strong></span> 
     </span>
     <span class='ocr_line' id='line_1_14' title="bbox 153 2797 1297 2881; baseline -0.002 -20"><span class='ocrx_word' id='word_1_107' title='bbox 153 2817 256 2863; x_wconf 89' lang='lat' dir='ltr'><strong>sermo</strong></span> <span class='ocrx_word' id='word_1_108' title='bbox 295 2798 349 2861; x_wconf 89' lang='lat' dir='ltr'><strong>ille</strong></span> <span class='ocrx_word' id='word_1_109' title='bbox 388 2798 517 2862; x_wconf 87' lang='lat' dir='ltr'><strong>babitus</strong></span> <span class='ocrx_word' id='word_1_110' title='bbox 546 2799 596 2861; x_wconf 89' lang='lat' dir='ltr'><strong>est</strong></span> <span class='ocrx_word' id='word_1_111' title='bbox 627 2797 839 2881; x_wconf 81' lang='lat' dir='ltr'><strong>euangelium,</strong></span> <span class='ocrx_word' id='word_1_112' title='bbox 869 2816 904 2860; x_wconf 87' lang='lat' dir='ltr'><strong>err</strong></span> <span class='ocrx_word' id='word_1_113' title='bbox 933 2815 994 2877; x_wconf 92' lang='lat' dir='ltr'><strong>quo</strong></span> <span class='ocrx_word' id='word_1_114' title='bbox 1022 2798 1113 2861; x_wconf 91' lang='lat' dir='ltr'><strong>locus</strong></span> <span class='ocrx_word' id='word_1_115' title='bbox 1140 2797 1184 2860; x_wconf 93' lang='lat' dir='ltr'><strong>ibi</strong></span> <span class='ocrx_word' id='word_1_116' title='bbox 1214 2817 1297 2860; x_wconf 88' lang='lat' dir='ltr'><strong>conr·</strong></span> 
     </span>
     <span class='ocr_line' id='line_1_15' title="bbox 152 2902 1296 2986; baseline -0.002 -17"><span class='ocrx_word' id='word_1_117' title='bbox 152 2909 346 2970; x_wconf 87' lang='lat' dir='ltr'><strong>memoratus</strong></span> <span class='ocrx_word' id='word_1_118' title='bbox 388 2904 593 2986; x_wconf 84' lang='lat' dir='ltr'><strong>depromptus</strong></span> <span class='ocrx_word' id='word_1_119' title='bbox 632 2906 691 2978; x_wconf 78' lang='lat' dir='ltr'><strong>est,</strong></span> <span class='ocrx_word' id='word_1_120' title='bbox 731 2903 762 2966; x_wconf 94' lang='lat' dir='ltr'><strong>in</strong></span> <span class='ocrx_word' id='word_1_121' title='bbox 800 2903 933 2967; x_wconf 84' lang='lat' dir='ltr'><strong>ecclesia</strong></span> <span class='ocrx_word' id='word_1_122' title='bbox 978 2904 1145 2967; x_wconf 86' lang='lat' dir='ltr'><strong>recitatum</strong></span> <span class='ocrx_word' id='word_1_123' title='bbox 1187 2902 1296 2967; x_wconf 83' lang='grc'><strong>161666..</strong></span> 
     </span>
     <span class='ocr_line' id='line_1_16' title="bbox 151 3010 1299 3093; baseline -0.003 -17"><span class='ocrx_word' id='word_1_124' title='bbox 151 3011 276 3076; x_wconf 86' lang='lat' dir='ltr'><strong>accedit</strong></span> <span class='ocrx_word' id='word_1_125' title='bbox 300 3010 384 3093; x_wconf 92' lang='lat' dir='ltr'><strong>quod</strong></span> <span class='ocrx_word' id='word_1_126' title='bbox 407 3010 515 3074; x_wconf 84' lang='lat' dir='ltr'><strong>eedem</strong></span> <span class='ocrx_word' id='word_1_127' title='bbox 539 3028 588 3073; x_wconf 86' lang='lat' dir='ltr'><strong>res</strong></span> <span class='ocrx_word' id='word_1_128' title='bbox 614 3010 659 3075; x_wconf 93' lang='lat' dir='ltr'><strong>eis</strong></span> <span class='ocrx_word' id='word_1_129' title='bbox 685 3028 764 3091; x_wconf 88' lang='lat' dir='ltr'><strong>quae</strong></span> <span class='ocrx_word' id='word_1_130' title='bbox 790 3011 841 3083; x_wconf 80' lang='lat'><strong>15,</strong></span> <span class='ocrx_word' id='word_1_131' title='bbox 866 3011 905 3073; x_wconf 87' lang='grc'><strong>21</strong></span> <span class='ocrx_word' id='word_1_132' title='bbox 933 3011 1017 3073; x_wconf 83' lang='lat' dir='ltr'><strong>dicto</strong></span> <span class='ocrx_word' id='word_1_133' title='bbox 1042 3013 1129 3074; x_wconf 87' lang='lat' dir='ltr'><strong>sunt:</strong></span> <span class='ocrx_word' id='word_1_134' title='bbox 1153 3011 1237 3093; x_wconf 78' lang='lat' dir='ltr'><strong>‘ergo</strong></span> <span class='ocrx_word' id='word_1_135' title='bbox 1261 3014 1299 3072; x_wconf 92' lang='lat' dir='ltr'><strong>nt</strong></span> 
     </span>
     <span class='ocr_line' id='line_1_17' title="bbox 153 3115 1297 3197; baseline -0.003 -14"><span class='ocrx_word' id='word_1_136' title='bbox 153 3119 193 3183; x_wconf 88' lang='lat' dir='ltr'><strong>ad</strong></span> <span class='ocrx_word' id='word_1_137' title='bbox 217 3118 341 3182; x_wconf 83' lang='lat' dir='ltr'><strong>exordia</strong></span> <span class='ocrx_word' id='word_1_138' title='bbox 369 3117 567 3182; x_wconf 90' lang='lat' dir='ltr'><strong>sermonis</strong></span> <span class='ocrx_word' id='word_1_139' title='bbox 596 3115 691 3179; x_wconf 90' lang='lat' dir='ltr'><strong>huius</strong></span> <span class='ocrx_word' id='word_1_140' title='bbox 720 3118 870 3180; x_wconf 82' lang='lat' dir='ltr'><strong>reuertar’</strong></span> <span class='ocrx_word' id='word_1_141' title='bbox 897 3117 1130 3181; x_wconf 85' lang='lat' dir='ltr'><strong>confirmantur.</strong></span> <span class='ocrx_word' id='word_1_142' title='bbox 1164 3116 1297 3197; x_wconf 82' lang='lat' dir='ltr'><strong>denique</strong></span> 
     </span>
     <span class='ocr_line' id='line_1_18' title="bbox 153 3222 1299 3304; baseline -0.004 -16"><span class='ocrx_word' id='word_1_143' title='bbox 153 3224 251 3288; x_wconf 92' lang='lat' dir='ltr'><strong>nolim</strong></span> <span class='ocrx_word' id='word_1_144' title='bbox 284 3223 410 3288; x_wconf 90' lang='lat' dir='ltr'><strong>silentio</strong></span> <span class='ocrx_word' id='word_1_145' title='bbox 442 3223 575 3288; x_wconf 85' lang='lat' dir='ltr'><strong>transire</strong></span> <span class='ocrx_word' id='word_1_146' title='bbox 609 3222 769 3286; x_wconf 82' lang='lat' dir='ltr'><strong>exordium</strong></span> <span class='ocrx_word' id='word_1_147' title='bbox 803 3227 835 3286; x_wconf 89' lang='lat' dir='ltr'><strong>et</strong></span> <span class='ocrx_word' id='word_1_148' title='bbox 866 3227 987 3304; x_wconf 86' lang='lat' dir='ltr'><strong>partem</strong></span> <span class='ocrx_word' id='word_1_149' title='bbox 1021 3222 1167 3286; x_wconf 81' lang='lat' dir='ltr'><strong>ultimam</strong></span> <span class='ocrx_word' id='word_1_150' title='bbox 1203 3222 1299 3285; x_wconf 80' lang='lat' dir='ltr'><strong>huius</strong></span> 
     </span>
     <span class='ocr_line' id='line_1_19' title="bbox 152 3328 1299 3413; baseline -0.003 -18"><span class='ocrx_word' id='word_1_151' title='bbox 152 3330 256 3413; x_wconf 88' lang='lat' dir='ltr'><strong>operis</strong></span> <span class='ocrx_word' id='word_1_152' title='bbox 282 3349 317 3394; x_wconf 86' lang='lat' dir='ltr'><strong>ex</strong></span> <span class='ocrx_word' id='word_1_153' title='bbox 341 3330 479 3394; x_wconf 87' lang='lat' dir='ltr'><strong>oratione</strong></span> <span class='ocrx_word' id='word_1_154' title='bbox 502 3330 534 3394; x_wconf 93' lang='lat' dir='ltr'><strong>in</strong></span> <span class='ocrx_word' id='word_1_155' title='bbox 559 3348 723 3413; x_wconf 80' lang='lat' dir='ltr'><strong>synagoge</strong></span> <span class='ocrx_word' id='word_1_156' title='bbox 746 3330 854 3394; x_wconf 85' lang='lat' dir='ltr'><strong>habita</strong></span> <span class='ocrx_word' id='word_1_157' title='bbox 878 3330 1046 3411; x_wconf 88' lang='lat' dir='ltr'><strong>desumpta</strong></span> <span class='ocrx_word' id='word_1_158' title='bbox 1070 3348 1150 3406; x_wconf 75' lang='lat' dir='ltr'><strong>esse,</strong></span> <span class='ocrx_word' id='word_1_159' title='bbox 1176 3348 1236 3410; x_wconf 86' lang='lat' dir='ltr'><strong>qua</strong></span> <span class='ocrx_word' id='word_1_160' title='bbox 1261 3328 1299 3391; x_wconf 89' lang='lat' dir='ltr'><strong>dc</strong></span> 
     </span>
     <span class='ocr_line' id='line_1_20' title="bbox 150 3435 1299 3519; baseline -0.003 -19"><span class='ocrx_word' id='word_1_161' title='bbox 150 3457 185 3501; x_wconf 88' lang='lat' dir='ltr'><strong>re</strong></span> <span class='ocrx_word' id='word_1_162' title='bbox 210 3455 281 3500; x_wconf 86' lang='lat' dir='ltr'><strong>ruor</strong></span> <span class='ocrx_word' id='word_1_163' title='bbox 304 3437 483 3501; x_wconf 86' lang='lat' dir='ltr'><strong>accuratius</strong></span> <span class='ocrx_word' id='word_1_164' title='bbox 508 3436 665 3519; x_wconf 86' lang='lat' dir='ltr'><strong>agendum</strong></span> <span class='ocrx_word' id='word_1_165' title='bbox 695 3436 763 3500; x_wconf 89' lang='lat' dir='ltr'><strong>erit.</strong></span> <span class='ocrx_word' id='word_1_166' title='bbox 797 3439 908 3518; x_wconf 87' lang='lat' dir='ltr'><strong>posteo</strong></span> <span class='ocrx_word' id='word_1_167' title='bbox 936 3455 971 3499; x_wconf 81' lang='lat' dir='ltr'><strong>er</strong></span> <span class='ocrx_word' id='word_1_168' title='bbox 1003 3436 1202 3500; x_wconf 88' lang='lat' dir='ltr'><strong>sermonibus</strong></span> <span class='ocrx_word' id='word_1_169' title='bbox 1234 3435 1299 3498; x_wconf 86' lang='grc'><strong>11116</strong></span> 
     </span>
     <span class='ocr_line' id='line_1_21' title="bbox 152 3541 1298 3624; baseline -0.001 -19"><span class='ocrx_word' id='word_1_170' title='bbox 152 3541 191 3606; x_wconf 89' lang='lat' dir='ltr'><strong>de</strong></span> <span class='ocrx_word' id='word_1_171' title='bbox 215 3542 308 3607; x_wconf 86' lang='lat' dir='ltr'><strong>laceb</strong></span> <span class='ocrx_word' id='word_1_172' title='bbox 338 3543 454 3607; x_wconf 89' lang='lat' dir='ltr'><strong>habitis</strong></span> <span class='ocrx_word' id='word_1_173' title='bbox 484 3542 545 3606; x_wconf 92' lang='lat' dir='ltr'><strong>duo</strong></span> <span class='ocrx_word' id='word_1_174' title='bbox 574 3542 647 3605; x_wconf 90' lang='lat' dir='ltr'><strong>libri</strong></span> <span class='ocrx_word' id='word_1_175' title='bbox 675 3542 801 3607; x_wconf 85' lang='lat' dir='ltr'><strong>conflati</strong></span> <span class='ocrx_word' id='word_1_176' title='bbox 830 3546 904 3607; x_wconf 89' lang='lat' dir='ltr'><strong>sunt</strong></span> <span class='ocrx_word' id='word_1_177' title='bbox 932 3546 1027 3624; x_wconf 88' lang='lat' dir='ltr'><strong>atque</strong></span> <span class='ocrx_word' id='word_1_178' title='bbox 1055 3542 1185 3606; x_wconf 85' lang='lat' dir='ltr'><strong>alterins</strong></span> <span class='ocrx_word' id='word_1_179' title='bbox 1216 3561 1298 3605; x_wconf 88' lang='lat' dir='ltr'><strong>eror-</strong></span> 
     </span>
     <span class='ocr_line' id='line_1_22' title="bbox 151 3648 1299 3732; baseline -0.001 -19"><span class='ocrx_word' id='word_1_180' title='bbox 151 3648 241 3713; x_wconf 73' lang='grc'><strong>611661</strong></span> <span class='ocrx_word' id='word_1_181' title='bbox 265 3649 324 3713; x_wconf 87' lang='lat' dir='ltr'><strong>lroc</strong></span> <span class='ocrx_word' id='word_1_182' title='bbox 348 3648 441 3713; x_wconf 91' lang='lat' dir='ltr'><strong>modo</strong></span> <span class='ocrx_word' id='word_1_183' title='bbox 471 3649 696 3713; x_wconf 88' lang='lat' dir='ltr'><strong>constitutum:</strong></span> <span class='ocrx_word' id='word_1_184' title='bbox 730 3649 900 3732; x_wconf 84' lang='lat' dir='ltr'><strong>‘superiore</strong></span> <span class='ocrx_word' id='word_1_185' title='bbox 932 3649 1037 3712; x_wconf 91' lang='lat' dir='ltr'><strong>libro</strong></span> <span class='ocrx_word' id='word_1_186' title='bbox 1072 3648 1109 3711; x_wconf 89' lang='lat' dir='ltr'><strong>de</strong></span> <span class='ocrx_word' id='word_1_187' title='bbox 1142 3649 1299 3712; x_wconf 88' lang='lat' dir='ltr'><strong>uirtutum</strong></span> 
     </span>
     <span class='ocr_line' id='line_1_23' title="bbox 151 3755 1300 3837; baseline -0.001 -18"><span class='ocrx_word' id='word_1_188' title='bbox 151 3755 329 3837; x_wconf 87' lang='lat' dir='ltr'><strong>praeceptis</strong></span> <span class='ocrx_word' id='word_1_189' title='bbox 362 3755 606 3837; x_wconf 77' lang='grc'><strong>(116661666666,</strong></span> <span class='ocrx_word' id='word_1_190' title='bbox 640 3755 785 3836; x_wconf 87' lang='lat' dir='ltr'><strong>sequenti</strong></span> <span class='ocrx_word' id='word_1_191' title='bbox 817 3757 972 3819; x_wconf 83' lang='lat' dir='ltr'><strong>clerorum</strong></span> <span class='ocrx_word' id='word_1_192' title='bbox 1005 3755 1144 3820; x_wconf 88' lang='lat' dir='ltr'><strong>uirorum</strong></span> <span class='ocrx_word' id='word_1_193' title='bbox 1173 3759 1300 3820; x_wconf 85' lang='lat' dir='ltr'><strong>utamur</strong></span> 
     </span>
     <span class='ocr_line' id='line_1_24' title="bbox 151 3861 1298 3943; baseline 0.003 -20"><span class='ocrx_word' id='word_1_194' title='bbox 151 3861 325 3943; x_wconf 73' lang='lat' dir='ltr'><strong>exemplis,</strong></span> <span class='ocrx_word' id='word_1_195' title='bbox 359 3881 438 3943; x_wconf 85' lang='lat' dir='ltr'><strong>quae</strong></span> <span class='ocrx_word' id='word_1_196' title='bbox 470 3882 519 3926; x_wconf 89' lang='lat' dir='ltr'><strong>res</strong></span> <span class='ocrx_word' id='word_1_197' title='bbox 551 3862 687 3926; x_wconf 83' lang='lat' dir='ltr'><strong>fortasse</strong></span> <span class='ocrx_word' id='word_1_198' title='bbox 718 3861 780 3943; x_wconf 92' lang='lat' dir='ltr'><strong>ipsi</strong></span> <span class='ocrx_word' id='word_1_199' title='bbox 808 3861 975 3924; x_wconf 89' lang='lat' dir='ltr'><strong>Ambrosio</strong></span> <span class='ocrx_word' id='word_1_200' title='bbox 1005 3861 1210 3925; x_wconf 83' lang='lat' dir='ltr'><strong>adscribenda</strong></span> <span class='ocrx_word' id='word_1_201' title='bbox 1239 3873 1298 3927; x_wconf 86' lang='lat' dir='ltr'><strong>est.</strong></span> 
     </span>
     <span class='ocr_line' id='line_1_25' title="bbox 152 3968 1298 4052; baseline 0 -21"><span class='ocrx_word' id='word_1_202' title='bbox 152 3970 243 4052; x_wconf 88' lang='lat' dir='ltr'><strong>plura</strong></span> <span class='ocrx_word' id='word_1_203' title='bbox 266 3969 361 4032; x_wconf 84' lang='lat' dir='ltr'><strong>etiam</strong></span> <span class='ocrx_word' id='word_1_204' title='bbox 384 3969 416 4032; x_wconf 91' lang='lat' dir='ltr'><strong>in</strong></span> <span class='ocrx_word' id='word_1_205' title='bbox 441 3970 594 4051; x_wconf 86' lang='lat' dir='ltr'><strong>opusculo</strong></span> <span class='ocrx_word' id='word_1_206' title='bbox 620 3970 664 4033; x_wconf 92' lang='lat' dir='ltr'><strong>de</strong></span> <span class='ocrx_word' id='word_1_207' title='bbox 687 3968 833 4050; x_wconf 89' lang='lat' dir='ltr'><strong>Ioseph</strong></span> <span class='ocrx_word' id='word_1_208' title='bbox 857 3968 974 4032; x_wconf 87' lang='lat' dir='ltr'><strong>indicia</strong></span> <span class='ocrx_word' id='word_1_209' title='bbox 1001 3969 1151 4049; x_wconf 83' lang='lat' dir='ltr'><strong>pristinae</strong></span> <span class='ocrx_word' id='word_1_210' title='bbox 1180 3970 1298 4032; x_wconf 86' lang='grc'><strong>166666</strong></span> 
     </span>
     <span class='ocr_line' id='line_1_26' title="bbox 151 4074 1299 4158; baseline 0.003 -22"><span class='ocrx_word' id='word_1_211' title='bbox 151 4074 306 4151; x_wconf 80' lang='lat' dir='ltr'><strong>inuenies,</strong></span> <span class='ocrx_word' id='word_1_212' title='bbox 332 4095 421 4156; x_wconf 86' lang='lat' dir='ltr'><strong>quae,</strong></span> <span class='ocrx_word' id='word_1_213' title='bbox 446 4095 517 4140; x_wconf 90' lang='lat' dir='ltr'><strong>cnm</strong></span> <span class='ocrx_word' id='word_1_214' title='bbox 543 4076 580 4140; x_wconf 93' lang='lat' dir='ltr'><strong>de</strong></span> <span class='ocrx_word' id='word_1_215' title='bbox 605 4075 650 4140; x_wconf 93' lang='lat' dir='ltr'><strong>eis</strong></span> <span class='ocrx_word' id='word_1_216' title='bbox 669 4075 732 4138; x_wconf 82' lang='lat' dir='ltr'><strong>iem</strong></span> <span class='ocrx_word' id='word_1_217' title='bbox 751 4075 781 4137; x_wconf 94' lang='lat' dir='ltr'><strong>in</strong></span> <span class='ocrx_word' id='word_1_218' title='bbox 801 4074 975 4140; x_wconf 91' lang='lat' dir='ltr'><strong>uoluminis</strong></span> <span class='ocrx_word' id='word_1_219' title='bbox 994 4076 1087 4158; x_wconf 88' lang='lat' dir='ltr'><strong>primi</strong></span> <span class='ocrx_word' id='word_1_220' title='bbox 1105 4075 1299 4157; x_wconf 84' lang='lat' dir='ltr'><strong>praefatione</strong></span> 
     </span>
     <span class='ocr_line' id='line_1_27' title="bbox 152 4181 1300 4266; baseline 0.003 -23"><span class='ocrx_word' id='word_1_221' title='bbox 152 4181 395 4263; x_wconf 88' lang='lat' dir='ltr'><strong>disputauerim,</strong></span> <span class='ocrx_word' id='word_1_222' title='bbox 429 4182 488 4247; x_wconf 91' lang='lat' dir='ltr'><strong>hoc</strong></span> <span class='ocrx_word' id='word_1_223' title='bbox 516 4183 586 4247; x_wconf 93' lang='lat' dir='ltr'><strong>loco</strong></span> <span class='ocrx_word' id='word_1_224' title='bbox 616 4201 676 4246; x_wconf 90' lang='lat' dir='ltr'><strong>non</strong></span> <span class='ocrx_word' id='word_1_225' title='bbox 705 4181 877 4263; x_wconf 84' lang='lat' dir='ltr'><strong>explicabo.</strong></span> <span class='ocrx_word' id='word_1_226' title='bbox 911 4201 944 4246; x_wconf 85' lang='lat' dir='ltr'><strong>ex</strong></span> <span class='ocrx_word' id='word_1_227' title='bbox 974 4183 1172 4247; x_wconf 84' lang='lat' dir='ltr'><strong>sermonibus</strong></span> <span class='ocrx_word' id='word_1_228' title='bbox 1201 4183 1300 4266; x_wconf 78' lang='lat' dir='ltr'><strong>igitur</strong></span> 
     </span>
     <span class='ocr_line' id='line_1_28' title="bbox 153 4286 1298 4370; baseline 0.002 -20"><span class='ocrx_word' id='word_1_229' title='bbox 153 4287 236 4351; x_wconf 91' lang='lat' dir='ltr'><strong>inter·</strong></span> <span class='ocrx_word' id='word_1_230' title='bbox 271 4307 305 4351; x_wconf 89' lang='lat' dir='ltr'><strong>se</strong></span> <span class='ocrx_word' id='word_1_231' title='bbox 338 4287 578 4352; x_wconf 85' lang='lat' dir='ltr'><strong>cohaerentibus</strong></span> <span class='ocrx_word' id='word_1_232' title='bbox 614 4289 646 4351; x_wconf 87' lang='lat' dir='ltr'><strong>et</strong></span> <span class='ocrx_word' id='word_1_233' title='bbox 677 4286 728 4350; x_wconf 93' lang='lat' dir='ltr'><strong>hic</strong></span> <span class='ocrx_word' id='word_1_234' title='bbox 760 4287 888 4353; x_wconf 92' lang='lat' dir='ltr'><strong>libellus</strong></span> <span class='ocrx_word' id='word_1_235' title='bbox 922 4293 953 4353; x_wconf 90' lang='grc'><strong>61</strong></span> <span class='ocrx_word' id='word_1_236' title='bbox 981 4289 1020 4361; x_wconf 83' lang='lat' dir='ltr'><strong>is,</strong></span> <span class='ocrx_word' id='word_1_237' title='bbox 1049 4290 1102 4370; x_wconf 88' lang='lat' dir='ltr'><strong>qui</strong></span> <span class='ocrx_word' id='word_1_238' title='bbox 1130 4288 1161 4351; x_wconf 91' lang='lat' dir='ltr'><strong>in</strong></span> <span class='ocrx_word' id='word_1_239' title='bbox 1190 4288 1298 4352; x_wconf 90' lang='lat' dir='ltr'><strong>codice</strong></span> 
     </span>
     <span class='ocr_line' id='line_1_29' title="bbox 152 4393 1298 4476; baseline 0.002 -20"><span class='ocrx_word' id='word_1_240' title='bbox 152 4393 375 4476; x_wconf 85' lang='lat' dir='ltr'><strong>antiquissimo</strong></span> <span class='ocrx_word' id='word_1_241' title='bbox 409 4393 601 4458; x_wconf 91' lang='lat' dir='ltr'><strong>Bononiensi</strong></span> <span class='ocrx_word' id='word_1_242' title='bbox 634 4393 678 4457; x_wconf 91' lang='lat' dir='ltr'><strong>de</strong></span> <span class='ocrx_word' id='word_1_243' title='bbox 713 4394 970 4475; x_wconf 84' lang='lat' dir='ltr'><strong>patriarchis,</strong></span> <span class='ocrx_word' id='word_1_244' title='bbox 1005 4396 1035 4458; x_wconf 94' lang='lat' dir='ltr'><strong>in</strong></span> <span class='ocrx_word' id='word_1_245' title='bbox 1068 4395 1298 4458; x_wconf 87' lang='lat' dir='ltr'><strong>recentioribus</strong></span> 
     </span>
     <span class='ocr_line' id='line_1_30' title="bbox 152 4499 1297 4583; baseline 0.006 -21"><span class='ocrx_word' id='word_1_246' title='bbox 152 4505 185 4562; x_wconf 90' lang='lat' dir='ltr'><strong>et</strong></span> <span class='ocrx_word' id='word_1_247' title='bbox 199 4501 295 4583; x_wconf 82' lang='lat' dir='ltr'><strong>uolgo</strong></span> <span class='ocrx_word' id='word_1_248' title='bbox 316 4501 360 4564; x_wconf 82' lang='lat' dir='ltr'><strong>cle</strong></span> <span class='ocrx_word' id='word_1_249' title='bbox 381 4499 743 4564; x_wconf 81' lang='lat' dir='ltr'><strong>benedictionibus</strong></span> <span class='ocrx_word' id='word_1_250' title='bbox 762 4502 1085 4582; x_wconf 81' lang='lat' dir='ltr'><strong>patriarcharum</strong></span> <span class='ocrx_word' id='word_1_251' title='bbox 1105 4502 1297 4569; x_wconf 86' lang='lat' dir='ltr'><strong>inscribitur.</strong></span> 
     </span>
     <span class='ocr_line' id='line_1_31' title="bbox 152 4608 1296 4692; baseline 0.004 -24"><span class='ocrx_word' id='word_1_252' title='bbox 152 4608 349 4688; x_wconf 86' lang='lat' dir='ltr'><strong>compositus</strong></span> <span class='ocrx_word' id='word_1_253' title='bbox 374 4610 433 4682; x_wconf 75' lang='lat' dir='ltr'><strong>est,</strong></span> <span class='ocrx_word' id='word_1_254' title='bbox 458 4625 611 4687; x_wconf 87' lang='lat' dir='ltr'><strong>quaeres</strong></span> <span class='ocrx_word' id='word_1_255' title='bbox 636 4611 673 4671; x_wconf 91' lang='lat' dir='ltr'><strong>ut</strong></span> <span class='ocrx_word' id='word_1_256' title='bbox 695 4608 841 4672; x_wconf 84' lang='lat' dir='ltr'><strong>licentiae</strong></span> <span class='ocrx_word' id='word_1_257' title='bbox 864 4609 909 4672; x_wconf 86' lang='lat' dir='ltr'><strong>ita</strong></span> <span class='ocrx_word' id='word_1_258' title='bbox 933 4608 1129 4692; x_wconf 88' lang='lat' dir='ltr'><strong>stupiditntis</strong></span> <span class='ocrx_word' id='word_1_259' title='bbox 1158 4609 1296 4673; x_wconf 83' lang='lat' dir='ltr'><strong>librario-</strong></span> 
     </span>
    </p>
   </div>
   <div class='ocr_carea' id='block_1_4' title="bbox 0 0 1406 5168">
    <p class='ocr_par' dir='ltr' id='par_1_4' title="bbox 0 0 1406 5168">
     <span class='ocr_line' id='line_1_32' title="bbox 0 0 1406 5168; baseline 0 0"><span class='ocrx_word' id='word_1_260' title='bbox 0 0 1406 5168; x_wconf 95' lang='lat' dir='ltr'><strong> </strong></span> 
     </span>
    </p>
   </div>
  </div>
 </body>
</html>
