2804 5168
157 697 221 760 388
600 687 839 757 [Ambrosii]

157 888 247 963 sibi,
275 905 314 951 ne
343 886 480 950 hiemem
509 884 593 949 nuda
619 883 777 959 formidet,
806 883 945 948 hiemem
972 902 1033 947 non
1056 883 1224 967 temporis,
1250 885 1311 948 sed
1373 921 1383 934 ·

157 993 364 1071 infirmitatis,
385 1011 464 1074 qnae
484 1011 595 1076 agrum
615 991 735 1055 animae
753 991 925 1055 fecundum
944 990 1029 1055 omni
1047 990 1122 1055 flore
1142 990 1309 1073 dispoliat.

157 1106 208 1167 est
232 1102 315 1165 enim
339 1101 462 1182 hiemps
487 1117 548 1163 non
572 1099 686 1163 terreni
711 1098 798 1176 solis,
819 1102 869 1163 est
887 1098 1011 1179 hiemps
1030 1098 1159 1175 mentis,
1178 1097 1308 1181 quando

158 1210 262 1274 animo
287 1207 389 1292 frigus
412 1206 574 1282 inlabitur,
599 1205 724 1288 qnando
749 1224 848 1286 uapor
871 1204 967 1269 animi
994 1204 1149 1284 umescit,
1177 1204 1308 1285 quando

158 1317 298 1382 soluitur
311 1316 404 1398 nigor
422 1332 545 1388 sensus,
567 1312 691 1395 qna-ndo
711 1312 827 1376 nimius
846 1331 939 1376 nmor
957 1311 1096 1376 exundat·
1114 1314 1147 1375 et
1164 1316 1307 1376 mentem
1336 1334 1348 1374 e

159 1425 280 1506 grarxat
307 1421 430 1504 qnando
454 1421 584 1484 interior
608 1420 724 1503 caligat
746 1422 905 1501 aspectus.
931 1420 963 1482 et
981 1419 1051 1483 ideo
1071 1420 1117 1483 ait
1136 1418 1306 1484 dominus:

159 1528 287 1593 nidete
320 1546 363 1591 ne
393 1527 466 1591 fiat
493 1528 583 1610 fuga
606 1530 734 1590 nestra
758 1526 879 1590 hieme
904 1528 968 1589 ant
991 1526 1160 1590 sabbato.
1184 1526 1305 1591 bonurn
1371 1538 1393 1592 13

159 1636 242 1699 enim
275 1639 312 1697 nt
345 1638 421 1698 tune
455 1633 522 1698 dies
555 1633 666 1697 iudicii
698 1635 750 1696 nel
782 1633 895 1697 mortis
924 1632 1082 1710 adueniat,
1113 1652 1185 1698 cnm
1216 1634 1307 1717 uiget

160 1741 257 1806 animi
284 1741 400 1804 blanda
428 1740 606 1823 temperies,
633 1759 705 1804 cum
730 1740 867 1803 caeleste
889 1739 1079 1822 mysterium
1102 1758 1212 1803 serena
1233 1741 1308 1804 luce

159 1848 351 1931 resplendet,
389 1866 459 1911 enm
497 1866 550 1911 cor
585 1849 730 1910 nostrum
768 1846 857 1909 ardet
892 1845 924 1909 in
964 1845 1066 1911 nohis.
1103 1848 1179 1909 tuno
1222 1845 1307 1909 eninr
1326 1871 1351 1908 ιο

162 1955 309 2021 Christus
339 1956 389 2017 est
416 1973 574 2036 praesens,
604 1953 689 2017 sicut
715 1956 873 2017 testantur
900 1952 932 2015 in
961 1953 1125 2034 euangelio
1149 1953 1308 2016 Ammaon

162 2066 195 2125 et
219 2061 352 2143 Cleopas
377 2061 538 2125 dicentes:
563 2079 682 2124 nonne
711 2080 774 2124 aon
799 2063 969 2125 nostrum
1000 2060 1132 2124 ardens
1161 2064 1243 2124 erat
1270 2061 1306 2124 in

162 2168 272 2233 nobis
299 2168 335 2231 in
365 2168 442 2244 nie,
473 2187 553 2230 onrn
578 2167 795 2248 aperuisset
818 2166 927 2230 nohis
953 2166 1192 2247 scripturas?
1216 2165 1307 2249 uiget

162 2279 270 2340 autern
294 2275 429 2349 animus,
456 2274 579 2355 qnando
605 2273 700 2336 etiam
724 2272 782 2337 flos
806 2273 934 2336 uidet-ur
956 2273 988 2336 in
1011 2273 1115 2337 terris.
1145 2273 1217 2355 qais
1244 2273 1307 2337 iste

161 2382 220 2446 flos
252 2382 326 2447 boni
360 2381 465 2445 odoris
499 2381 559 2444 nisi
591 2380 647 2444 ille
691 2381 746 2462 qni
779 2380 875 2444 dixit:
909 2399 975 2463 ego
1008 2380 1083 2445 flos
1117 2380 1238 2461 campi
1272 2382 1309 2442 et
1326 2401 1351 2442 ιι

162 2488 288 2552 liliam
327 2487 585 2553 conuallium?
624 2487 662 2551 de
700 2506 762 2569 qno
797 2490 829 2550 et
860 2487 891 2549 in
922 2486 1018 2550 Esaia
1050 2486 1205 2568 seriptum
1239 2488 1306 2550 est:
1373 2497 1392 2553 C

163 2596 263 2658 exiet
285 2595 393 2678 uirga
419 2594 461 2658 de
485 2594 610 2658 radiae
634 2594 762 2658 lessae
787 2597 823 2657 et
841 2593 950 2676 uirga
975 2613 1016 2657 ex
1037 2594 1162 2657 radioe
1183 2611 1308 2656 ascen·

162 2702 225 2766 det
258 2706 295 2766 et
326 2702 400 2767 flos
435 2721 474 2765 ex
506 2703 615 2784 uirga
648 2702 756 2766 exiet.
789 2701 875 2764 radix
910 2701 1021 2782 utique
1053 2700 1174 2764 familie
1195 2699 1308 2764 ludae-

162 2828 252 2872 orum
286 2811 345 2884 est,
379 2809 470 2891 uirga
502 2808 611 2883 illaria,
643 2808 701 2872 flos
734 2808 853 2871 Mariae
891 2806 1049 2883 Christus,
1089 2807 1144 2889 qui
1182 2805 1308 2888 qnando

163 2918 271 2979 nostra
298 2913 479 2994 resplendet
507 2915 537 2977 in
565 2917 648 2978 terra
677 2917 709 2978 et
734 2915 766 2978 in
798 2934 871 2999 agro
902 2915 1023 2978 animae
1050 2912 1173 2978 redolet
1200 2913 1253 2976 nel
1276 2912 1308 2975 in
1325 2934 1353 2973 ιο

164 3021 298 3083 eeclesia
321 3039 380 3084 sna
402 3022 524 3093 uernat,
548 3040 605 3085 nco
628 3021 730 3104 frigus
753 3040 925 3102 possumus
949 3022 1060 3084 timere
1084 3037 1141 3084 nec
1164 3019 1308 3102 pluuiam

112 3127 277 3203 moereri,
306 3126 362 3191 sed
390 3131 551 3210 expectare
580 3128 691 3193 indicii
720 3128 813 3193 diem.
844 3133 876 3192 et
902 3129 973 3192 ideo
1001 3127 1137 3191 ecelesia
1164 3129 1201 3189 nt
1224 3125 1308 3189 hunc

255 3384 369 3452 5Uerg.
391 3382 573 3454 Georg.183
619 3387 751 3442 iliatth.
771 3389 814 3451 24,
834 3388 869 3442 20
916 3389 1134 3453 12Lu0.24‚32
1183 3391 1215 3445 15
1232 3387 1309 3444 Cant.

165 3473 224 3537 2‚1
282 3473 499 3533 llhsai.11.l

202 3614 218 3666 2
237 3613 374 3683 despoliat
391 3615 427 3668 1³¹
483 3616 498 3668 3
518 3619 611 3669 nostra
629 3618 732 3687 (noster
755 3618 832 3685 T'P)
851 3618 937 3671 hiems
957 3624 1019 3684 (om.
1039 3625 1103 3685 non)
1122 3619 1147 3673 X
1210 3623 1228 3674 4
1247 3637 1309 3674 eua-

165 3704 254 3756 nescit
271 3703 336 3756 DP‘
390 3706 503 3757 tumor
526 3706 550 3758 Τ
567 3706 662 3758 humor
681 3712 727 3759 cel.
802 3708 920 3761 cxrardat
938 3708 966 3776 (n
984 3726 1005 3762 s.
1025 3714 1064 3775 a.)
1087 3709 1119 3761 P
1174 3710 1312 3778 daaligat

169 3791 322 3844 ΤΝΒῬΌ
340 3793 471 3861 caliginat
490 3801 537 3850 cet.
594 3796 677 3847 ‘daut
698 3795 754 3847 Ta*
772 3796 816 3849 uel
835 3802 881 3851 cet.
939 3798 968 3850 11
990 3797 1153 3850 testaturC
1205 3816 1311 3852 ammon

167 3883 303 3941 (ammaon
318 3878 352 3947 U)
369 3885 395 3933 et
415 3882 541 3951 cleophas
556 3882 677 3935 dicentes
696 3884 775 3937 Tae!
792 3884 844 3937 duo
865 3885 990 3954 discipuli
1006 3885 1127 3938 dieentes
1140 3886 1171 3940 D
1190 3886 1311 3940 dicentes

167 3984 290 4020 ammaon
311 3969 419 4038 (animan
440 3971 476 4035 B)
506 3974 525 4022 ·t
545 3971 670 4039 cleophas
690 3973 808 4042 (cleopas
828 3974 892 4039 BP)
913 3979 958 4028 cet.
1034 3973 1066 4027 13
1086 3975 1238 4044 aperuisset
1261 3975 1313 4028 Ta‘

167 4059 320 4127 aperuisset
337 4060 364 4110 in
387 4058 411 4111 (J
434 4061 551 4128 aperiret-
570 4067 616 4114 cet.
746 4064 778 4115 14
804 4064 863 4131 qais
888 4067 930 4116 est
951 4064 974 4116 (ι’
1105 4065 1136 4117 17
1162 4064 1234 4118 exiet
1260 4064 1316 4117 TN

167 4150 196 4197 ct
215 4149 285 4199 exiet
304 4153 350 4201 cet.
451 4155 479 4200 et
503 4149 580 4216 nirga
600 4168 630 4203 cx
650 4150 694 4214 (de
713 4151 795 4214 ΒΨ)
821 4152 909 4205 radice
931 4154 999 4210 (eius
1019 4151 1085 4206 odd.
1103 4151 1165 4209 XPr
1186 4153 1312 4207 ascendet

168 4238 196 4285 et
215 4233 263 4286 flos
284 4252 314 4286 cx
333 4235 410 4302 uirga
425 4236 495 4287 exiet
512 4237 678 4292 TNXPMG
696 4246 723 4293 ct
742 4241 790 4293 flos
811 4240 843 4293 dc
863 4241 941 4308 uirga
955 4257 986 4293 ex
999 4239 1088 4293 radice
1108 4241 1165 4294 eins
1185 4240 1313 4294 ascendet

167 4322 275 4389 (celeria
297 4325 413 4390 omissio)
433 4325 470 4378 1).
496 4327 570 4380 locres
592 4330 652 4382 siae
675 4330 758 4383 (trebio
780 4331 979 4397 ireterpolnlna;
1000 4330 1174 4383 scribendam
1197 4347 1253 4385 esse
1269 4332 1311 4383 ui·

168 4412 261 4463 delur:
280 4416 308 4464 et
328 4413 377 4465 flos
397 4430 427 4467 ex
446 4415 523 4483 uirga
543 4417 670 4470 ascendet
725 4420 756 4472 21
779 4425 874 4472 uernat
891 4435 940 4473 nec
960 4419 990 4471 Y‘
1007 4424 1047 4487 (at
1065 4436 1114 4474 nce
1132 4421 1164 4473 e'n
1182 4436 1237 4477 rna.
1256 4423 1313 4488 md)

169 4504 265 4552 cremet
284 4518 317 4554 ne
336 4502 363 4553 B
383 4506 478 4555 nemat
497 4520 529 4557 ne
548 4505 584 4555 B¹
603 4512 749 4571 nemetae
768 4508 802 4559 P‘
858 4509 891 4561 a]
912 4509 998 4561 uereri
1020 4507 1077 4561 TN
1092 4525 1141 4562 nec
1160 4509 1247 4562 ncreri
1266 4514 1312 4562 cet.

206 4587 277 4640 diem
296 4589 391 4643 indicii
413 4591 481 4643 PB‘
