2804 5168
166 667 231 731 260
638 663 831 717 Ambrosii

164 859 347 924 huiusmodi
384 859 456 924 uiri.
493 878 554 924 non
593 858 675 923 enirn
714 858 824 944 gratia,
862 859 917 924 sed
949 860 1040 925 ruina
1072 864 1131 938 est,
1166 862 1222 926 ubi
1255 882 1318 927 nec

166 965 308 1031 diuturni
330 986 409 1031 usus
433 966 572 1031 muneris
595 968 777 1030 reseruatur
800 970 833 1031 et
856 966 1006 1031 adimitur
1028 968 1189 1033 excusatio
1215 969 1316 1034 delin-

166 1073 292 1155 quendi.
325 1072 409 1155 quod
442 1072 526 1137 enirn
558 1070 712 1157 grauioris
744 1070 868 1153 pondus
901 1073 1058 1154 querellae
1097 1092 1192 1156 quam
1230 1074 1313 1138 illud

165 1180 310 1245 diuinum
339 1179 424 1263 quod
451 1179 549 1244 habes
576 1179 608 1243 in
636 1177 799 1242 Michaeae
832 1178 913 1243 libro
946 1179 1137 1263 prophetae:
1170 1183 1313 1265 popule

164 1306 279 1365 meris,
308 1286 397 1370 quid
425 1285 501 1351 feci
534 1284 607 1349 tibi
639 1287 704 1348 aut
735 1283 770 1347 in
805 1303 876 1366 qno
910 1286 1142 1350 contristari
1174 1290 1211 1351 tc
1245 1292 1312 1352 aut
1340 1291 1398 1350 alr

166 1393 256 1477 quid
283 1395 471 1459 molestus
500 1391 573 1456 tibi
601 1392 682 1456 fui?
710 1391 895 1471 responde
923 1392 1025 1458 mihi.
1056 1412 1174 1457 nonne
1199 1393 1310 1459 eduxi

164 1506 201 1566 te
230 1499 272 1565 de
300 1505 401 1565 terra
427 1497 593 1582 Aegypti
622 1500 659 1562 et
687 1496 729 1562 de
762 1497 868 1562 domo
903 1498 1107 1563 seruitutis
1140 1499 1310 1564 liberaui

165 1610 226 1672 to?
251 1624 323 1672 ecce
348 1605 505 1689 quomodo
531 1604 711 1669 deiciuntur
733 1604 834 1688 impii,
855 1605 929 1668 duni
950 1604 1147 1683 adunantur,
1168 1605 1310 1688 querella

164 1733 272 1778 eorum
296 1712 482 1786 excluditur,
506 1731 606 1794 poena
629 1714 805 1776 aceruatur.
829 1712 1020 1776 caelestibus
1045 1711 1126 1776 enirn
1146 1712 1309 1777 beneficiis

163 1820 293 1885 inuitati
321 1818 463 1884 deserere
491 1837 552 1883 non
582 1817 758 1883 debuerunt
781 1818 867 1882 uitae
891 1817 1072 1882 securitatis
1098 1821 1130 1882 et
1151 1818 1356 1903 prosperi-10

163 1927 240 1993 tatis
273 1926 424 2004 datorem,
461 1925 512 1991 cui
545 1925 647 2008 magis
681 1925 852 1989 debuerant
888 1924 1110 2007 obtemperare.
1140 1924 1195 1989 sed
1224 1926 1310 1990 sieut·

164 2033 290 2098 iustitia
322 2032 372 2097 dei
405 2051 520 2116 magna
551 2032 598 2095 ita
626 2032 721 2096 etiam
750 2050 861 2096 seuera
888 2030 1039 2096 uindicta.
1070 2031 1194 2114 qnando
1224 2032 1308 2096 eninr

164 2140 282 2222 impius
305 2157 506 2221 perseuerare
530 2138 706 2215 consueuit,
731 2137 769 2201 de
789 2157 850 2220 quo
870 2141 903 2201 et
920 2137 996 2202 alibi
1015 2138 1111 2203 lrabes
1131 2137 1306 2221 scripturn:
1376 2144 1399 2199 c

165 2245 251 2309 uidi
283 2246 450 2328 impium
484 2245 836 2328 superexaltatum
870 2246 908 2307 et
940 2245 1146 2309 eleuatum
1185 2263 1307 2328 super

168 2352 336 2417 caedros
369 2352 516 2416 Libani
549 2355 589 2416 et
619 2352 809 2427 trecasini,
843 2355 882 2416 et
912 2370 1003 2416 ecce
1031 2371 1105 2417 nou
1133 2356 1239 2416 erat:
1270 2355 1308 2416 et
1328 2379 1355 2418 1⁵

166 2457 357 2543 quaesiui
395 2476 491 2532 eunr,
530 2460 569 2520 et
605 2475 681 2520 nun
720 2460 783 2520 est
814 2456 1008 2520 inuentus
1042 2456 1157 2521 locus
1190 2457 1307 2522 eius?

164 2564 359 2630 incredibilis
383 2564 529 2628 celeritas
553 2562 752 2628 extinctionis
777 2563 855 2628 eius.
880 2563 970 2628 uides
994 2563 1100 2629 subito
1119 2563 1254 2646 impium
1275 2565 1306 2628 in

164 2671 224 2735 hoc
257 2671 384 2735 saeculo
416 2671 599 2750 potentem:
633 2667 709 2732 dum
740 2673 776 2733 tu
809 2668 935 2744 transis,
968 2668 1022 2732 ille
1055 2668 1119 2732 ianr
1151 2687 1213 2734 non
1246 2674 1305 2735 est.

165 2780 283 2858 quanta
311 2780 360 2840 est
388 2775 472 2840 enirn
499 2775 611 2839 umbra
637 2775 785 2850 interra,
810 2794 988 2858 quamnun
1015 2776 1181 2840 diuturna!
1206 2779 1307 2841 trans·

164 2902 245 2964 pone
269 2882 454 2966 uestigium,
480 2887 512 2946 et
535 2882 647 2946 umbra
664 2882 835 2963 praeteriit.
857 2887 912 2947 aut
931 2882 959 2946 si
977 2881 1029 2947 hic
1048 2882 1169 2964 aliquid
1186 2887 1307 2962 mouet,
1328 2912 1357 2952 eo

165 2988 204 3053 ad
233 3007 269 3052 ea
298 3007 379 3070 quae
407 2987 514 3053 lutura
538 2991 611 3051 sunt
636 2987 745 3052 attolle
769 2989 884 3053 mentis
908 2989 1083 3072 uestigium
1108 2993 1141 3054 et
1163 2989 1308 3056 inuenies

166 3095 230 3159 illio
268 3094 403 3175 inrpiurn
440 3113 500 3158 non
538 3095 692 3165 futurum,
731 3114 823 3176 quenr
856 3095 908 3159 hie
942 3115 1011 3160 esse
1044 3095 1213 3169 credebas;
1247 3117 1307 3163 nou
1374 3106 1401 3160 Ι)

168 3201 250 3264 enirn
279 3203 329 3266 est
357 3201 411 3283 qui
438 3201 518 3265 nihil
546 3204 605 3266 est.
635 3201 768 3283 denique
798 3202 982 3266 dominus
1012 3221 1077 3266 eos
1112 3204 1311 3287 cognouit

166 3308 234 3389 qui
263 3311 357 3372 eunt
384 3307 540 3389 ipsius3
571 3307 625 3389 qui
653 3312 760 3372 autem
788 3326 849 3371 non
879 3312 954 3373 sunt
982 3328 1036 3373 eos
1065 3328 1125 3373 non
1150 3310 1308 3393 agnoscit.

166 3413 238 3497 quia
262 3414 323 3497 ipsi
348 3434 420 3479 euna
446 3415 498 3496 qui
524 3419 655 3478 estnon
680 3418 888 3497 agnouerunt.
1328 3445 1358 3485 rs

254 3683 369 3737 lilith.
390 3684 414 3747 6,
435 3685 451 3738 3
471 3701 510 3752 sq.
578 3687 610 3737 14
628 3684 727 3740 Psalnr.
746 3684 859 3737 xxxii
878 3685 912 3739 35
932 3702 970 3753 sq.
1041 3684 1120 3740 2311
1141 3684 1209 3739 Tirn.
1229 3688 1254 3751 2,
1276 3688 1309 3739 111

202 3877 306 3930 lenirn
326 3876 377 3929 uiri
397 3878 486 3946 gratia
505 3876 532 3929 B
587 3877 758 3944 3qnerellae
777 3877 804 3930 P
822 3877 946 3945 querelae
966 3884 1013 3931 cet.
1087 3878 1136 3932 illu
1155 3878 1182 3932 B
1241 3866 1309 3933 les

165 3966 263 4035 popule
282 3965 362 4034 Prie
382 3965 485 4025 calae)
542 3966 756 4018 ecenstrauilr
810 3965 884 4018 ofni
904 3966 955 4018 tibi
970 3966 1033 4019 P'C
1087 3967 1313 4022 iseruitutesP

164 4054 180 4107 8
200 4054 318 4123 querella
337 4054 364 4106 P
381 4055 490 4123 querela
507 4061 554 4107 cet.
627 4054 643 4106 9
666 4060 807 4107 aceruatur
829 4054 892 4107 DP‘
912 4054 1053 4109 acerbatur
1069 4061 1115 4110 cet.
1199 4057 1309 4127 celesti·

165 4142 213 4195 bus
227 4143 255 4195 Ρ
269 4143 288 4207 (1
303 4159 323 4195 s.
341 4148 377 4207 a.)
418 4144 450 4197 10
463 4143 616 4196 seueritatis
632 4146 659 4194 et
673 4143 809 4196 Erasmus
823 4144 976 4197 securitatis
991 4144 1039 4197 sed
1053 4145 1118 4198 DP‘
1136 4145 1309 4199 sctutilitatis

165 4231 211 4284 sed
231 4232 259 4283 P
280 4232 408 4285 utilitatis
429 4235 456 4284 ct
475 4233 528 4285 BC
620 4233 647 4285 ll
681 4232 849 4300 obternptare
869 4233 895 4283 B
988 4234 1020 4287 13
1049 4233 1114 4287 alibi
1133 4234 1161 4286 P
1183 4238 1250 4301 (aa.
1270 4235 1313 4303 a.)

169 4322 199 4373 11
219 4320 307 4388 super]
329 4319 399 4374 sicut
413 4320 440 4372 B
498 4322 528 4373 1?
548 4319 729 4374 inccredibilis
743 4321 770 4373 P
788 4326 813 4383 (e
828 4339 873 4390 pr.
894 4322 956 4389 del.)
1016 4323 1047 4375 19
1068 4323 1138 4376 eninr
1158 4327 1200 4377 ert
1213 4323 1249 4389 B,
1267 4327 1311 4375 est

165 4426 215 4462 om.
235 4410 269 4461 P'
332 4426 385 4461 nun
404 4426 454 4462 orn.
474 4409 565 4462 DP¹C
623 4409 763 4463 diueturna
784 4411 810 4463 P
828 4415 852 4475 (r
871 4420 951 4471 erus)
1008 4413 1042 4465 ‘20
1061 4415 1152 4465 rnouet
1171 4411 1311 4466 ed.Rorrr.

165 4506 275 4551 rnnuent
293 4497 376 4550 PBD
398 4499 514 4551 innuerit
532 4499 566 4551 1³¹
592 4503 719 4551 nraneant
743 4502 764 4551 l)
854 4500 887 4553 22
917 4499 1044 4553 credebas
1063 4500 1090 4553 P
1114 4503 1139 4565 (e
1157 4516 1204 4569 pr.
1227 4516 1248 4554 r.
1268 4510 1312 4565 a.)

166 4586 200 4639 223
220 4585 334 4654 denique
354 4587 381 4638 P
400 4587 419 4650 (i
438 4603 471 4640 ec
490 4589 514 4654 e)
570 4590 603 4640 ‘23
623 4604 683 4640 euin
702 4587 729 4641 P
747 4591 775 4652 (u
793 4588 824 4640 in
844 4593 910 4654 rna.)
