2804 5168
342 335 382 389 De
402 335 487 389 'lobia
508 336 549 389 12.
571 337 611 399 13,
632 337 738 392 42-45
776 337 800 402 (Ι
819 336 871 390 604
891 337 1001 391 Ε-606
1021 339 1063 401 Α).
1225 343 1289 405 543

114 531 301 596 ·uireseere
329 531 494 613 incipiunt,
524 535 634 613 postea
661 532 834 614 pullulare:
864 539 896 596 at
922 551 997 596 uere
1028 533 1162 615 pecunia
1186 534 1290 598 saeue·

142 637 208 702 bris
242 638 294 702 uir
326 638 467 720 plantata
499 637 561 700 iam
594 637 742 719 pullulat.
781 640 902 703 semina
934 643 1075 720 tempore
1109 644 1288 722 erumpunt,

143 745 291 810 animalia
327 749 468 828 tempore
504 745 645 826 pariunt:
688 750 845 827 tempus
895 746 978 810 enim
1021 747 1206 829 pariendi
1252 752 1289 811 et

143 858 303 934 tempus
344 849 555 925 moriendi,
597 853 756 934 tempus
799 851 1015 934 plantandi
1053 854 1092 916 et
1129 855 1287 935 tempus

115 958 327 1023 auellenui
358 956 601 1039 plantatum,
633 959 792 1040 tempus
823 957 1039 1022 decidendi
1064 964 1102 1022 et
1126 962 1287 1041 tempus

144 1064 310 1130 sanandi
335 1067 366 1128 et
394 1065 487 1127 infra:
519 1068 679 1147 tempus
704 1065 944 1149 adquirendi
969 1070 1007 1129 et
1030 1070 1181 1148 tempus
1205 1067 1286 1130 red-

143 1171 274 1243 dendi,
305 1175 466 1252 tempus
498 1172 763 1237 custodiendi
792 1175 830 1235 et
858 1175 1017 1253 tempus
1041 1173 1282 1253 expellendi,

140 1282 177 1343 ut
203 1278 414 1342 Ecclesiastes
443 1278 501 1342 ait:
533 1278 668 1361 pecarnis
695 1278 850 1343 faenebris
879 1278 973 1342 hodie
1002 1278 1187 1353 seminatur,
1215 1299 1283 1346 eras
1311 1294 1335 1346 D

140 1385 325 1449 fruetificat:
360 1403 484 1467 semper
511 1385 594 1467 parit
622 1391 653 1449 et
680 1405 851 1468 numquam
884 1385 1008 1450 interit:
1043 1406 1168 1468 semper
1198 1388 1284 1468 plan-

99 1510 122 1544 ιο
141 1495 237 1569 tatur,
267 1493 319 1555 uir
347 1492 505 1556 euellitur.
539 1493 613 1556 uult
640 1511 765 1575 semper
792 1493 967 1556 faenerator
995 1492 1167 1574 adquirere,
1197 1514 1285 1557 num-

142 1618 237 1680 quam
267 1599 410 1683 perdere,
446 1618 619 1680 numquam
651 1600 810 1664 eustodire
837 1600 1003 1681 pecuniam
1032 1620 1133 1682 suam,
1162 1620 1287 1682 semper

50 1707 95 1770 44
141 1707 309 1790 erpellere,
339 1727 508 1789 numquam
539 1726 658 1783 sanare,
688 1726 812 1789 semper
840 1708 990 1772 oeeidere.
1025 1712 1057 1772 et
1084 1708 1158 1790 quia
1185 1709 1286 1772 benus

141 1813 179 1876 ad
205 1814 310 1878 omnia
333 1813 487 1898 magister
509 1812 721 1877 Ecclesiastes
745 1814 826 1878 liber
849 1817 899 1878 est
919 1813 1109 1891 Solomonis,
1129 1815 1288 1897 paulisper

139 1920 203 2001 ipsi
222 1921 452 1985 inhaereamus.
473 1941 546 1985 nen
568 1921 795 1985 satiabitur
815 1922 919 2002 iuquit
943 1922 1087 1985 oerrlus
1111 1920 1285 1985 uidende

99 2042 122 2079 ιι
141 2034 181 2091 et
203 2047 276 2091 nen
302 2027 529 2092 satiabitur
553 2027 664 2090 auris
689 2027 843 2091 auditu.
868 2046 925 2091 nee
949 2028 1126 2091 faenerator
1144 2028 1287 2109 expletur

140 2133 323 2216 accipiendo
347 2153 403 2197 nee
428 2134 560 2198 affectus
585 2134 654 2197 eius
673 2133 830 2198 cotidiano
850 2135 1034 2199 numerandi
1053 2135 1134 2199 aeris
1153 2134 1287 2198 saliatur
1313 2141 1334 2194 l}

140 2240 262 2305 auditu.
298 2245 329 2304 et
362 2241 492 2304 iterum:
528 2260 638 2304 omne
673 2240 775 2323 quod
808 2241 890 2305 fuit
922 2242 1052 2324 ipsum
1087 2244 1149 2306 est
1182 2241 1285 2323 quod

140 2347 227 2414 erit.
263 2347 377 2411 erescit
409 2367 533 2429 semper
564 2348 709 2430 pecunia,
743 2349 844 2412 etium
878 2349 980 2413 nescit
1012 2349 1155 2426 auaritia,
1188 2368 1286 2413 usura

140 2454 243 2517 ferias.
283 2473 417 2518 omnes
455 2454 560 2535 inquit
596 2456 803 2518 torrentes
842 2455 997 2519 uadunt
1032 2456 1070 2517 in
1109 2474 1213 2518 mare
1247 2458 1285 2518 et

96 2577 121 2612 ω
139 2581 246 2624 mare
270 2580 344 2624 nen
369 2560 628 2642 adimpletur.
652 2581 737 2625 mare
758 2561 844 2626 istud
863 2562 1040 2626 faenerator
1058 2566 1120 2636 est3
1141 2561 1381 2630 omniumtdtd

139 2667 329 2748 patrimonia
361 2670 523 2748 tamquam
551 2667 669 2732 lluetus
698 2668 846 2732 absorbet
873 2670 906 2732 et
933 2668 1000 2750 ipse
1028 2668 1130 2732 neseit
1158 2668 1284 2751 expleri.

139 2774 217 2838 mari
241 2778 347 2838 tamen
370 2774 513 2855 plerique
537 2777 670 2838 utuntur
694 2774 732 2838 ad
762 2778 941 2857 quaestum,
969 2775 1162 2839 faeneratore
1190 2793 1283 2838 nemo

139 2880 241 2944 utitur
267 2879 329 2944 nisi
360 2879 398 2943 ad
431 2879 647 2961 dispendium:
683 2881 749 2944 illie
781 2882 955 2945 multorum
988 2881 1189 2945 commodum
1224 2883 1283 2956 est,

51 2977 86 3007 ‘'
137 2986 188 3051 hic
212 2987 430 3060 uniuersorum
457 2987 667 3070 naufragium.
692 2987 792 3051 multa
816 2992 891 3051 sunt
915 2987 1095 3063 animantia,
1120 3005 1199 3069 quae
1220 2986 1282 3051 aito

227 3234 476 3334 anceraasq
546 3264 736 3327 ancorae
807 3264 1013 3322 rancoris
1080 3266 1281 3323 uacare

139 3354 171 3407 re
191 3353 261 3406 neu.
284 3355 307 3414 1,
327 3354 342 3406 r
398 3353 432 3405 ar
451 3353 513 3405 aas.
534 3352 586 3405 aaa
607 3351 629 3404 a
650 3353 711 3415 (ιιι
732 3349 788 3415 ac)

174 3528 334 3581 luiriscere
354 3528 382 3580 P
444 3527 596 3595 adPatq.
617 3530 652 3596 lq.
673 3526 735 3591 ded.)
761 3527 787 3579 V
852 3527 1090 3595 peeurriar'urds.
1110 3532 1157 3582 m3
1179 3529 1280 3599 Tpre·

138 3618 215 3670 conia
234 3619 260 3670 B
369 3616 490 3669 funebris
514 3616 538 3669 Τ
557 3617 598 3678 (ia
616 3632 672 3669 raa.
693 3620 749 3682 m3)
772 3615 912 3669 Clenoris
931 3617 994 3669 DP‘
1086 3618 1238 3687 2pollulat
1256 3620 1283 3672 P

171 3710 292 3776 tempere
322 3705 480 3769 (eiuras.
505 3709 524 3758 2
547 3705 610 3768 llll.)
640 3704 665 3756 T
689 3707 840 3773 temporum
860 3704 887 3756 B
1014 3707 1030 3757 ὁ
1059 3705 1193 3759 euellendi
1217 3706 1281 3760 DP⁴

136 3796 152 3849 6
171 3794 313 3864 reddendi]
332 3793 463 3862 perdendi
488 3793 513 3845 V
601 3793 615 3845 ‘l
636 3791 805 3844 custodiendi
824 3793 852 3845 P
933 3793 949 3844 8
969 3793 1089 3847 funebris
1110 3800 1138 3858 (u
1158 3811 1191 3848 em
1209 3799 1234 3855 a)
1257 3795 1282 3848 Τ

136 3885 235 3937 lenonis
255 3883 345 3936 DP‘C
398 3882 592 3951 aplauraptur
615 3880 640 3932 V
695 3881 725 3933 11
747 3880 922 3935 costodireP
939 3882 1008 3958 isere
1025 3888 1136 3950 semper)
1189 3885 1221 3937 12
1237 3901 1279 3937 er·

135 3973 209 4041 plere
228 3972 292 4025 mr
366 3972 399 4024 13
419 3970 564 4023 solomonis
584 3968 611 4021 P
628 3969 760 4022 salomoni
779 3970 812 4022 P‘
832 3970 977 4025 salomonis
997 3977 1044 4024 cel.
1124 3973 1156 4024 14
1175 3977 1280 4026 satum·

135 4061 210 4114 bitur
233 4061 258 4113 V
302 4061 334 4114 18
354 4060 440 4112 otium
465 4058 647 4111 l'Cotiosum
669 4058 694 4110 T
713 4059 780 4123 lotio
800 4063 855 4121 m2,
875 4061 960 4113 otium
980 4064 1037 4126 aad)
1058 4066 1104 4114 cel.
1158 4061 1190 4113 19
1206 4077 1279 4114 ereas

135 4150 199 4204 DP‘
273 4165 365 4202 omnes
384 4150 424 4217 (es
443 4165 476 4201 ear
494 4148 527 4211 is)
543 4147 570 4199 P
640 4150 775 4200 torrentes
796 4152 835 4212 (es
855 4165 888 4202 ex
907 4149 983 4215 is)P
1054 4150 1080 4202 in
1101 4151 1280 4204 aureuma

135 4239 171 4292 20
190 4239 281 4292 omniu
303 4243 330 4299 (u
350 4254 382 4290 ea
402 4250 427 4302 a)
448 4237 478 4290 1)
532 4237 566 4289 22
585 4236 688 4288 utimur
705 4236 732 4288 B
