2804 5168
78 39 1398 288 n

161 652 225 716 528
622 651 820 705 Ambrosii

162 846 242 909 ritur
266 845 333 910 dies
359 846 527 910 solutionis
552 847 704 911 transisse
729 846 952 930 praescriptos
978 847 1100 912 iniuriis
1121 848 1317 929 uigilantem

164 952 313 1027 adoritur,
338 953 369 1016 in
403 953 522 1017 somnis
556 953 763 1018 dormientem
795 954 919 1018 excitat.
953 974 1013 1019 non
1038 959 1149 1020 noctes
1173 957 1317 1038 qrrietae,

164 1079 224 1124 non
250 1061 316 1124 dies
341 1060 451 1124 suauis
476 1063 535 1136 est,
560 1080 620 1123 nnn
644 1060 693 1125 sol
717 1061 885 1125 iucundus.
919 1062 1128 1126 detrahuntur
1155 1064 1316 1144 paulatim

164 1171 291 1232 aruatae
315 1186 350 1231 ac
375 1167 492 1231 sericae
521 1170 629 1231 uestes
658 1171 690 1231 et
718 1171 858 1231 ueneunt
885 1168 1015 1232 dimidio
1046 1169 1189 1233 minoris
1224 1171 1317 1251 ponit

164 1293 235 1338 cum
267 1274 407 1338 lacrimis
442 1278 623 1338 omementa
655 1274 767 1338 coniux
803 1275 867 1338 iam
899 1275 1021 1338 tristior
1053 1280 1161 1359 empta
1195 1278 1313 1354 carius,
1331 1285 1396 1339 ⁵597

164 1381 329 1445 uendenda
366 1380 475 1445 uilius.
517 1381 549 1445 in
588 1380 733 1445 auctione
770 1382 861 1462 pueri
903 1382 1141 1446 constituuntur
1183 1403 1315 1448 mensae

166 1487 302 1552 ministri
326 1491 358 1550 et
380 1488 462 1552 mule
487 1487 611 1552 adsueti
636 1490 809 1569 emptorem
834 1492 991 1554 auertunt.
1026 1489 1156 1552 offertur
1178 1491 1317 1570 pecunia

112 1591 154 1653 20
166 1594 327 1659 creditori:
352 1595 425 1658 ‘uir'
449 1595 551 1677 inquit
573 1595 660 1658 ‘haec
683 1595 782 1659 soluit
805 1615 944 1672 usuram,
965 1600 1061 1676 caput
1087 1595 1207 1660 debes'.
1232 1597 1317 1661 redit

166 1702 319 1765 exhausto
343 1701 532 1783 patrimonio
558 1701 671 1782 capitis
696 1721 768 1765 reus
793 1706 825 1765 et
848 1703 1016 1767 imminuto
1040 1703 1175 1780 faenore,
1197 1703 1317 1786 accipit

165 1808 304 1872 indutias
328 1808 485 1871 tristiores
509 1807 634 1872 bellicis
660 1807 751 1888 quasi
775 1811 848 1889 post
871 1808 1003 1872 biduum
1028 1809 1253 1890 proeliaturus.
1285 1811 1314 1872 in
1333 1828 1357 1868 ro

166 1915 249 1978 bello
275 1915 358 1979 enim
381 1916 500 1979 incerta
530 1915 673 1991 uictoria,
705 1915 756 1978 bic
785 1919 871 1979 certa
897 1916 1017 1998 inopia:
1050 1916 1116 1979 illic
1147 1935 1181 1979 se
1211 1916 1314 1998 clipeo

167 2021 258 2104 tegit,
297 2021 348 2084 hic
381 2019 484 2085 nudus
519 2021 668 2086 occurrit:
706 2021 774 2084 illio
807 2021 904 2085 lorica
936 2024 1048 2103 pectus
1080 2020 1230 2091 includit,
1264 2021 1315 2084 bic
1371 2031 1389 2085 B

167 2146 288 2192 carcere
325 2131 412 2192 totus
449 2127 638 2192 includitur:
680 2128 748 2192 illio
790 2147 902 2191 manus
943 2128 1017 2192 telis
1055 2131 1174 2204 onerat,
1214 2132 1317 2191 annat

167 2235 304 2319 sagittis,
333 2234 385 2299 hic
414 2254 483 2298 aere
512 2254 629 2300 uacrras
664 2235 753 2299 offert
784 2235 923 2299 uinculis
956 2234 1150 2318 adligandas.
1186 2233 1318 2298 ducitur

165 2344 351 2425 plerumque
380 2344 512 2423 uterque
541 2341 703 2424 captiuus:
736 2342 791 2405 ille
815 2340 911 2405 habet
935 2361 1029 2422 quern
1052 2342 1182 2404 accuset
1205 2340 1316 2404 aduer·
1334 2362 1356 2400 rs

168 2469 239 2514 sum
262 2448 339 2512 belli
363 2452 522 2526 euentum,
547 2450 597 2513 lric
621 2451 745 2530 praeter
774 2469 807 2513 se
836 2467 930 2530 quem
960 2451 1088 2512 accuset
1115 2466 1177 2510 non
1207 2447 1314 2512 habet.

168 2556 246 2619 nilril
270 2560 319 2621 est
341 2555 573 2620 intolerabilius
598 2575 634 2619 ea
661 2556 798 2631 miseria,
828 2574 907 2636 quae
933 2554 1077 2619 excusari
1104 2573 1166 2617 non
1196 2556 1315 2636 potest.

115 2657 654 2746 2131111111οοηεοῑεηεῑεροηᾱιιε
678 2663 819 2728 iniuriae.
843 2668 920 2726 tuuc
943 2681 1052 2726 secum
1076 2663 1215 2743 renutat,
1239 2665 1316 2726 tunc

169 2773 340 2854 scripturas
368 2770 559 2847 recordatur,
588 2774 663 2834 tunc
692 2770 784 2834 dicit:
818 2788 919 2833 nonne
951 2768 1029 2832 mihi
1062 2768 1219 2850 scriptum
1249 2773 1315 2832 cst:

168 2878 260 2942 bibe
285 2896 424 2960 aquam
449 2877 493 2940 ds
517 2876 601 2940 tuis
627 2877 740 2940 uasis
770 2881 809 2940 et
838 2876 881 2939 de
910 2879 1123 2958 puteorum
1153 2879 1389 2942 tuorumrou

169 2983 366 3048 fontibus.
400 2983 476 3064 quid
504 2983 582 3046 mihi
610 3002 683 3046 cunr
711 2986 807 3064 puteo
836 2981 1052 3055 faeneratoris,
1080 2981 1136 3045 ubi
1169 2984 1203 3045 et
1235 3000 1317 3064 aqua

169 3089 362 3154 includitur?
391 3089 538 3152 suauiora
563 3094 649 3152 erant
671 3090 779 3153 holera
803 3107 875 3152 cum
900 3087 1070 3151 securitate
1094 3107 1187 3168 quam
1214 3087 1316 3151 alieno

171 3199 277 3278 partae
303 3197 413 3278 epulae
437 3215 509 3259 curn
535 3195 760 3260 sollicitudine.
785 3214 845 3258 uon
869 3193 1010 3276 oportuit
1033 3193 1136 3257 aliena
1156 3212 1316 3276 quaerere.

171 3302 281 3365 deinde
306 3302 475 3366 incideram
499 3302 614 3378 debite,
640 3302 677 3365 de
701 3302 780 3366 meis
804 3301 946 3383 oportuit
971 3299 1113 3365 fontibus
1141 3301 1316 3365 remedium

262 3547 293 3599 18
316 3546 443 3599 Prouerb.
469 3548 493 3602 5.
519 3547 551 3599 15
576 3547 637 3599 Bas.
663 3548 715 3600 269
739 3547 760 3600 A
784 3547 848 3616 (109
868 3546 911 3612 A),
932 3545 965 3600 cl.
985 3545 1114 3599 Prouerb.
1134 3546 1178 3608 23,
1199 3547 1234 3598 27
1254 3545 1315 3598 Bas.

171 3639 222 3691 269
242 3637 264 3689 B
284 3638 347 3703 (109
367 3637 400 3702 A)
457 3637 490 3688 ‘22
509 3635 638 3689 Prouerb.
660 3637 701 3698 15,
723 3637 754 3689 17

208 3762 220 3815 l
242 3761 370 3813 solutioni
394 3761 420 3813 V
503 3762 519 3813 2
539 3759 660 3813 adoritur
679 3777 730 3813 om.
749 3760 841 3827 spatio
860 3759 955 3812 relicto
979 3758 1010 3820 V,
1031 3757 1174 3811 adoriatur
1193 3762 1218 3821 (t
1231 3775 1277 3826 pr.
1296 3773 1316 3810 ε.

171 3859 210 3916 u.)
231 3852 296 3906 aila.
316 3853 363 3903 m?
411 3849 594 3903 ldeauratae
613 3848 676 3901 DP¹
750 3849 845 3901 siricae
865 3849 892 3900 P
963 3847 1077 3900 ueniunt
1096 3845 1128 3898 dc
1147 3845 1347 3915 merrom

207 3942 324 3993 minores
344 3939 407 3992 DP⁴
498 3940 513 3990 5
538 3938 632 3991 coniux
653 3937 733 3989 PVG
750 3938 864 3990 coniunx
886 3936 937 3986 ll'l'
956 3953 1014 3989 curn
1034 3936 1078 3988 uix
1097 3935 1162 3987 DP‘
1254 3935 1317 4001 iam]

171 4037 227 4083 tarn
246 4031 311 4083 DP‘
402 4026 771 4082 (iucudcnda...auctiouo
790 4043 840 4079 orn.
862 4026 923 4078 Dr*
1012 4025 1138 4078 auctione
1159 4030 1187 4085 (n
1208 4023 1319 4089 delur

171 4122 187 4173 9
208 4120 312 4187 accepit
330 4119 357 4170 P
393 4119 423 4171 11
444 4117 489 4170 hic
509 4120 582 4169 certa
595 4160 617 4171 ..
630 4115 798 4169 ,includitur
816 4133 866 4169 orn.
885 4115 978 4182 spatio
996 4114 1090 4167 relicto
1114 4113 1141 4164 V
1177 4114 1316 4183 rapertus

171 4210 255 4261 lorica
274 4208 331 4260 BT
385 4208 417 4260 13
438 4222 527 4259 carcer
546 4205 598 4257 ΡΟ
615 4211 640 4258 et
659 4211 740 4268 (corr.
760 4208 817 4263 nati
837 4207 864 4258 B
937 4220 1011 4257 arma
1032 4202 1057 4256 T
1074 4208 1099 4255 et
1119 4205 1199 4268 (corr.
1219 4206 1271 4257 mlr
1292 4200 1316 4252 B

174 4299 206 4350 14
225 4297 321 4349 uinclis
336 4296 392 4348 BT
463 4293 627 4362 allegandas
642 4295 669 4346 P
687 4293 832 4362 alligandis
853 4296 879 4355 (a
897 4309 918 4346 ε.
939 4293 1019 4358 irn2)
1035 4292 1062 4342 B
1115 4291 1147 4343 lb
1166 4293 1276 4343 accirent
1289 4287 1316 4340 D

174 4386 205 4439 17
222 4384 392 4438 eaVaPO
408 4390 434 4437 et
453 4388 480 4447 (a
499 4388 580 4447 cras.)
606 4382 697 4434 Thac
716 4387 762 4435 cet.
819 4382 938 4435 accusari
961 4381 1011 4431 BG
1058 4380 1091 4432 19
1110 4378 1178 4431 mihi
1198 4395 1248 4431 om.
1264 4375 1318 4430 BT

172 4473 207 4526 ‘20
225 4478 332 4527 tuorum
352 4479 494 4543 puteorum
513 4471 576 4524 ΒΡ
642 4472 676 4524 22
696 4471 799 4524 alienae
819 4470 883 4524 DP‘
950 4471 985 4523 23
1005 4470 1098 4538 partae
1123 4467 1148 4520 V
1167 4471 1244 4536 pasto
1263 4463 1318 4518 BT

172 4569 266 4632 pastae
286 4569 332 4616 cet.
406 4560 595 4614 sollicidudine
614 4559 641 4611 P
