2804 5168
362 341 403 394 De
423 341 520 411 loseph
541 343 564 394 1.
584 342 609 404 2,
629 342 699 395 2-7
737 341 761 411 (Ι
780 342 833 396 483
852 343 876 395 Ι)
896 344 1014 411 4851)).

111 542 167 602 aut
190 536 384 620 praelatione
408 536 502 598 unius
528 538 649 599 eeteros
673 534 712 598 ab
737 535 862 600 adfectu
888 539 1106 620 germanitatis
1127 544 1260 605 auertat.

111 646 184 728 plns
210 642 389 725 adquiritur
412 641 487 717 filio,
513 641 565 705 oui
589 640 723 704 fratrum
749 641 926 724 adquiritur
949 663 1047 710 amor.
1073 646 1149 711 haee
1173 662 1356 729 prae-read

111 752 225 815 clarior
257 747 477 813 munificentia
509 751 645 830 patrum,
680 747 756 811 haee
790 748 887 813 ditior
920 750 1078 816 hereditas
1110 752 1259 817 filiorum.

109 858 223 941 iungat
249 857 366 921 liberos
396 855 537 936 aequalis
566 854 677 938 gratia,
708 873 787 936 qnos
815 855 935 920 iuncxit
964 859 1105 940 aequalis
1138 862 1259 925 natura.

78 966 236 1028 sincrum
268 964 370 1046 pietas
404 961 507 1025 nescit
538 961 702 1042 pecuniae,
736 962 767 1024 in
801 980 863 1043 quo
896 963 1026 1044 pietatis
1060 964 1260 1049 dispendium

110 1074 170 1135 est.
205 1070 280 1153 quid
314 1068 438 1132 miraris
472 1068 499 1131 si
532 1070 661 1150 propter
693 1067 826 1131 fundum
860 1074 917 1133 aut
949 1069 1079 1134 domum
1116 1071 1261 1136 oriuntur

108 1177 193 1241 inter
216 1180 329 1240 tratres
352 1174 467 1258 iurgia,
488 1173 613 1256 quando
632 1177 762 1255 propter
780 1174 920 1238 tunicam
942 1175 1025 1240 inter
1042 1177 1136 1242 laoob
1157 1178 1260 1242 sancti

41 1283 62 1345 6
109 1283 193 1347 lilios
219 1282 335 1346 exarsit
358 1280 505 1344 inuidia?
530 1278 607 1362 quid
630 1283 733 1364 orgo?
756 1281 1033 1363 reprehendendus
1057 1283 1161 1361 Iacob,
1186 1284 1260 1366 quia

37 2242 60 2306 7
86 2271 90 2279 .

108 1389 308 1473 praeferebat
322 1408 420 1453 unum
438 1387 576 1452 ceteris?
597 1385 651 1450 sed
666 1405 724 1451 neo
743 1387 924 1451 libertatem
944 1406 1118 1471 possumus
1138 1392 1258 1455 auferre

64 1497 306 1580 aparentibus,
339 1514 378 1559 ne
412 1514 466 1559 eos
500 1495 573 1576 plus
606 1493 741 1578 diligant
769 1513 848 1576 quos
876 1495 950 1575 plus
979 1496 1109 1560 credant
1135 1499 1256 1572 mereri,
1285 1507 1307 1560 Β

108 1623 166 1668 neo
190 1604 266 1667 filiis
290 1622 430 1667 resecare
455 1602 605 1666 debemus
630 1601 774 1666 studium
797 1601 870 1684 plus
893 1603 1048 1683 placendi.
1073 1603 1207 1686 denique
1227 1608 1259 1668 et

109 1710 203 1775 Iacob
232 1710 324 1773 illum
355 1710 428 1790 plus
458 1708 593 1783 amabat,
622 1707 653 1772 in
687 1726 748 1789 quo
781 1708 900 1772 maiora
932 1708 1090 1773 uirtutum
1122 1710 1260 1794 insignia

107 1817 325 1900 praeuidebat,
359 1820 396 1880 ut
428 1834 489 1879 non
523 1817 587 1879 tam
621 1814 723 1878 filium
756 1822 846 1896 pater·
882 1816 1075 1896 praetulisse
1113 1817 1260 1882 uideatur

110 1944 205 2006 quam
237 1923 391 2006 propheta
423 1922 622 2005 mysterium,
657 1922 833 2003 meritoque
861 1922 983 1987 uariam
1011 1923 1153 1986 tunicam
1182 1924 1260 1988 feeit

63 2054 89 2093 15
109 2033 148 2107 ei,
173 2051 234 2113 quo
260 2029 455 2113 significaret
479 2048 552 2092 eum
572 2028 771 2092 diuersarum
790 2028 949 2092 uirtutum
969 2029 1088 2093 amictu
1108 2030 1257 2095 fratribus

108 2137 360 2219 praeferendum.

155 2244 298 2326 Denique
332 2243 363 2306 in
395 2261 492 2325 puero
525 2242 628 2306 adhue
662 2241 788 2305 refulsit
821 2241 929 2306 diuina
958 2242 1069 2325 gratia,
1099 2242 1257 2324 siquidem

110 2351 283 2416 somniauit
307 2348 401 2432 quod,
426 2367 499 2412 oum
523 2348 700 2431 alligasset,
724 2351 761 2412 ut
785 2348 846 2412 sibi
870 2348 1040 2412 uidebatur
1061 2368 1117 2431 per
1139 2350 1256 2429 uisum,
1286 2358 1306 2414 G

108 2458 289 2540 manipulos
318 2476 390 2520 oum
419 2455 568 2520 fratribus
598 2455 677 2532 suis,
707 2454 876 2519 surrexerit
909 2454 1091 2538 manipulus
1124 2456 1193 2520 eius
1226 2461 1258 2521 et

63 2565 236 2629 resteterit
260 2567 395 2636 arentur,
420 2562 565 2626 conuersi
590 2566 697 2625 autem
721 2562 855 2626 fratrum
878 2562 1035 2645 manipuli
1057 2562 1258 2627 edomuerint

110 2671 309 2753 manipulum
330 2688 434 2732 suum.
455 2669 485 2732 in
506 2688 568 2750 quo
588 2669 699 2752 utique
718 2669 827 2733 futura-
845 2668 966 2734 domiui
980 2670 1055 2733 Iesu
1069 2671 1256 2735 resurrectio

110 2777 251 2841 reuelata
279 2781 339 2851 est,
369 2795 461 2855 quem
492 2782 524 2838 et
549 2775 780 2858 Hierosolymis
810 2794 883 2839 oum
910 2775 1080 2853 uidissent,
1108 2776 1256 2842 undecim

111 2886 281 2949 adorauere
310 2881 459 2962 discipuli
489 2885 521 2946 et
549 2900 657 2947 omnes
686 2882 798 2958 saneti,
828 2900 901 2945 cum
924 2884 1159 2961 resurrexerint,
1184 2884 1258 2949 ado-

111 2991 224 3054 rabunt
242 2989 366 3053 fruetus
384 2990 534 3053 tonorum
553 3006 684 3071 operum
694 2989 918 3071 praeferentes,
930 2989 1179 3072 sieutsou'ptum
1190 2995 1256 3055 est:

66 3095 1255 3162 aauenientesautemuenientournexultationetollentes

111 3203 340 3284 manipulos
366 3221 472 3265 suos.
497 3202 581 3264 unde
605 3201 728 3278 fratrea,
753 3202 829 3265 lioet
853 3202 967 3266 somnii
987 3201 1081 3267 fidem
1101 3223 1156 3286 per
1174 3204 1255 3268 inui-
1281 3221 1306 3274 1)

112 3311 195 3374 diam
219 3309 414 3392 derogarent,
439 3308 731 3390 interpretationem
755 3312 859 3371 tamen
884 3308 953 3372 eins
977 3309 1111 3392 propriis
1139 3328 1254 3373 sermo-

201 3502 234 3553 17
255 3499 321 3554 Gen.
341 3501 384 3560 37.
405 3503 420 3555 6
441 3517 499 3571 sqq.
563 3501 598 3553 22
617 3499 714 3554 Matth.
735 3499 778 3562 28,
799 3500 832 3552 16
852 3516 891 3568 sq.
952 3501 985 3553 25
1005 3500 1104 3554 Psalm.
1124 3500 1219 3556 CXXV
1239 3503 1256 3556 6

148 3627 160 3678 1
182 3623 308 3678 aduertat
327 3624 354 3676 P
373 3623 401 3684 (d
421 3624 503 3693 eras)
558 3625 574 3677 2
594 3640 669 3676 anror
688 3622 836 3691 acquiritur
854 3622 928 3677 ar‘a'
980 3623 996 3676 3
1015 3622 1152 3677 hereditas
1170 3624 1198 3677 Β
1216 3625 1255 3693 (re

110 3728 130 3766 e.
149 3731 178 3767 u.
196 3716 254 3777 m2)
319 3715 336 3766 4
355 3712 458 3767 iuncxit
476 3713 503 3765 B
522 3713 610 3765 iunxit
628 3717 675 3765 eet.
741 3711 757 3764 6
777 3711 920 3763 auriuntur
938 3711 966 3763 B
984 3712 1065 3770 (corr.
1085 3715 1144 3775 m2r
1164 3712 1254 3765 hauri·

111 3805 192 3854 untur
210 3801 237 3853 P
255 3803 335 3863 (corr.
354 3806 411 3865 m2r
469 3802 502 3854 10
522 3801 635 3854 credunt
653 3799 687 3857 ⁵21⁴
706 3800 735 3870 (u
753 3802 852 3853 m2ex
871 3805 896 3861 a)
916 3800 991 3855 21”Ε
1041 3802 1072 3852 14
1092 3800 1255 3868 prolaetaB

113 3890 144 3942 16
163 3889 389 3959 praeferendum.
407 3930 412 3943 .
428 3932 433 3942 .
450 3891 538 3958 gratia
556 3891 587 3942 in
606 3906 656 3958 mg.
675 3889 728 3957 inf.
748 3888 776 3941 P
831 3887 863 3941 18
882 3887 1062 3956 alligassetB
1082 3890 1101 3952 (i
1121 3905 1154 3942 ea·
1168 3906 1182 3941 e
1197 3893 1253 3953 m3)

113 3979 144 4031 19
164 3979 278 4031 surrexit
293 3983 317 4031 et
329 3979 363 4032 20
383 3978 461 4031 stetit
474 3978 532 4030 PV
574 3979 609 4032 20
628 3976 801 4030 edomuerint
815 3976 853 4029 Ν
868 3976 1050 4029 adorauerunt
1064 3981 1111 4030 cet.
1159 3979 1190 4030 21
1208 3977 1255 4031 dni

110 4063 156 4119 ihu
175 4067 268 4121 futura
288 4068 448 4120 resurrectio
467 4067 497 4119 N
603 4066 637 4119 22
661 4065 848 4134 hierosolymis
872 4064 898 4115 V
917 4064 1101 4118 hierusolimis
1119 4066 1147 4119 Β
1166 4066 1253 4120 hiero-

110 4157 213 4209 solimis
228 4156 255 4208 P
273 4161 300 4221 (ν
318 4172 339 4209 e.
360 4173 375 4209 o
389 4173 434 4224 pr.
453 4157 511 4226 m2)
530 4161 576 4209 cet.
650 4154 786 4207 uidissent
798 4154 825 4206 Β
839 4155 867 4224 (n
880 4170 902 4206 a.
916 4161 953 4218 u)
1007 4154 1041 4206 24
1061 4153 1177 4207 fructum
1191 4159 1253 4219 (om.

110 4250 232 4313 operum)
252 4243 296 4296 1³⁰
389 4242 556 4313 proferentes
571 4242 603 4299 22
624 4244 663 4307 (ro
682 4245 730 4295 m2
743 4241 774 4294 in
787 4247 855 4307 ree.)
868 4240 942 4296 21”Ε
994 4240 1028 4294 25
1048 4245 1186 4310 portantes
1198 4240 1255 4297 No
