2804 5168
357 318 492 389 Apologia
505 318 597 373 Dauid
611 319 698 374 altera
712 319 754 384 12,
769 319 875 374 69-73
895 319 920 385 (Ι
930 319 981 373 732
993 317 1153 388 0-7330).
1258 323 1322 387 407

178 515 306 579 filium?
334 514 446 595 utique
474 512 506 576 in
536 531 609 576 eum
639 512 691 594 qui
714 511 794 576 mihi
818 511 953 576 credidit
976 512 1060 594 quod
1083 531 1145 577 non
1170 513 1324 578 seruando

178 622 319 706 peccaui.
343 620 529 685 mandatum
553 622 602 684 est
626 619 757 697 homini,
781 623 819 683 ut
841 619 880 684 ab
905 620 1052 684 omnibus
1077 623 1221 705 gustaret
1244 640 1324 703 quae

178 734 267 795 erant
288 729 320 793 in
343 727 501 810 paradiso,
525 726 650 810 lignum
675 726 826 791 scientiae
849 725 924 791 boni
943 729 975 790 et
993 727 1070 791 mali
1089 747 1150 792 non
1169 730 1324 812 tangeret.

177 838 277 903 Adam
316 854 390 919 ergo
427 835 460 899 in
498 833 634 918 singulis
672 833 763 898 nobis
803 837 862 900 est.
900 833 932 898 in
969 834 1025 898 ilio
1064 835 1147 899 eninr
1181 834 1323 900 condicio

147 946 316 1008 chumana
344 941 489 1024 deliquit,
519 940 594 1023 quia
621 959 803 1023 perunum
830 940 862 1004 in
892 960 1001 1005 omnes
1026 941 1231 1023 pertransiuit
1252 960 1324 1024 pec·
1352 965 1356 970 ·

70 1124 76 1137 ¹
179 1054 295 1116 catum.
323 1049 416 1113 uideo
446 1066 602 1114 summam
631 1047 710 1110 mihi
739 1047 903 1124 creditam,
931 1047 1025 1112 uideo
1055 1067 1134 1129 qnae
1165 1048 1323 1129 praeuari-

178 1157 311 1222 cationis
344 1174 417 1218 aere
449 1159 640 1229 contraxere,
673 1152 750 1217 dum
781 1153 884 1217 uetita
917 1158 949 1217 et
980 1153 1147 1218 interdicta
1175 1154 1321 1239 degusto.
1332 1157 1383 1213 733

178 1264 251 1327 hinc
281 1263 379 1327 debeo
409 1261 594 1325 conmissae·
614 1260 710 1325 sontis
738 1279 878 1338 usuram,
907 1260 982 1342 quia
1009 1261 1165 1326 creditum
1197 1261 1324 1326 manda·

178 1377 284 1434 torum
314 1368 501 1435 caelestium
529 1368 641 1433 faenus
669 1367 857 1432 intemerata
886 1367 945 1431 fide
976 1387 1100 1432 seruare
1128 1387 1189 1432 non
1222 1367 1322 1451 potui.

91 1481 164 1543 7210
179 1477 369 1561 agnouimus
394 1475 561 1551 creditum,
585 1492 794 1558 agnoscamus
819 1474 916 1538 etiam
940 1474 1138 1539 creditorem.
1159 1474 1323 1539 creditoris

179 1603 289 1666 nempe
312 1582 363 1646 ius
387 1585 446 1660 est,
471 1592 508 1646 ut
531 1581 636 1665 erigat
660 1584 692 1645 et
714 1582 842 1646 relaxet.
867 1585 900 1645 et
922 1581 993 1645 ideo
1018 1582 1104 1646 idem
1127 1582 1247 1646 relaxat
1269 1581 1324 1664 qui

178 1689 228 1754 ius
257 1689 354 1753 habet
381 1687 536 1772 exigendi.
567 1706 640 1752 curn
668 1687 767 1767 igitur
792 1687 823 1751 in
850 1688 1016 1772 euangelio
1041 1688 1187 1754 Christus
1211 1687 1325 1752 dixerit

178 1795 276 1860 mihi:
313 1796 473 1860 remissa
512 1799 600 1859 sunt
635 1794 708 1858 tibi
744 1799 901 1877 peccata
937 1798 1015 1871 tua,
1052 1815 1154 1860 nonne
1187 1795 1321 1859 eundem

179 1901 328 1986 intellego
353 1902 516 1966 dominum
542 1901 649 1978 sortis,
674 1920 768 1982 quem
792 1901 945 1966 arbitrum
969 1901 1081 1966 ueniae
1103 1904 1321 1985 recognosco?
1347 1902 1371 1962 B

135 2035 159 2072 re
179 2013 234 2072 aut
257 2009 284 2073 si
307 2012 398 2090 pater
421 2009 555 2073 credidit
578 2011 610 2072 et
633 2007 720 2072 filius
744 2007 907 2083 relarauit
932 2027 994 2073 non
1017 2028 1073 2091 per
1095 2008 1262 2083 unitatem,
1286 2010 1324 2071 ut

179 2134 235 2179 nos
269 2115 415 2193 dicimus,
450 2116 506 2179 sed
537 2118 575 2178 ut
602 2114 709 2179 Ariani
744 2114 905 2192 adserunt,
933 2133 989 2198 per
1021 2114 1205 2178 distantiam
1235 2117 1323 2196 pote·

179 2222 281 2299 statis,
310 2222 391 2287 alius
420 2240 494 2307 ergo
524 2221 601 2285 deus
631 2220 775 2299 credidit,
800 2221 882 2285 alius
911 2220 1091 2285 relaxarit?
1114 2221 1197 2285 unde
1221 2221 1323 2285 incur-

176 2332 261 2393 runt.
290 2332 327 2392 ut
353 2328 591 2393 Manicheomm
621 2327 785 2410 perfidiam
813 2347 874 2393 non
903 2328 1049 2394 euadant.
1078 2327 1191 2391 deinde
1223 2347 1321 2392 unum

178 2434 307 2500 dicendo
331 2436 449 2499 bonum
474 2434 567 2499 deum
592 2435 760 2498 aduentant
784 2454 864 2517 quos
888 2436 1020 2516 laqueos
1044 2433 1219 2499 dementiae
1246 2453 1323 2498 suae

133 2568 159 2606 no
178 2542 328 2608 incidant.
358 2541 386 2606 si
413 2542 516 2606 bonus
546 2545 597 2606 est
624 2541 679 2624 qui
708 2541 850 2617 credidit,
880 2542 1038 2623 quomodo
1062 2561 1123 2605 non
1148 2545 1198 2604 est
1219 2542 1322 2605 bonus

178 2648 233 2730 qui
260 2649 438 2712 releuauit?
472 2667 545 2732 ergo
581 2666 653 2712 cunr
681 2647 747 2712 illis
783 2651 904 2731 partem
933 2648 1070 2713 habeant
1096 2648 1216 2726 Ariani,
1249 2666 1322 2713 cum

178 2773 313 2836 qnorum
345 2754 523 2819 adsertione
557 2755 759 2820 conueniunt.
793 2772 851 2818 nec
883 2753 1000 2819 nrirum
1027 2756 1056 2819 si
1083 2755 1111 2819 is
1140 2754 1194 2836 qui
1223 2756 1322 2820 semel
1351 2758 1372 2815 c

90 2867 132 2931 73
178 2859 304 2924 deniare
333 2861 439 2943 coepit
466 2882 484 2925 a
511 2880 587 2926 uero
615 2861 747 2925 nexibus
776 2879 809 2925 se
839 2861 934 2925 alieni
961 2861 1073 2928 erroris
1101 2860 1256 2927 inuoluat.
1290 2865 1323 2927 et
1370 2879 1375 2891 ·

267 3053 284 3104 2
303 3049 415 3115 (16112,
435 3052 468 3107 17
523 3051 681 3116 ertone,
703 3051 736 3105 12
791 3052 824 3105 13
843 3051 907 3105 Luc.
928 3055 953 3113 5,
972 3053 1007 3106 20
1071 3053 1104 3106 18
1123 3053 1205 3107 Marc.
1226 3052 1268 3115 10,
1289 3050 1322 3104 18

213 3174 229 3229 3
248 3174 353 3244 lignum
373 3179 463 3229 autern
482 3174 528 3240 P‘;
542 3175 620 3234 cred>
632 3175 738 3244 lignum
753 3175 890 3228 Erasmus
942 3176 959 3228 4
979 3175 1051 3229 enim
1069 3192 1120 3229 oni.
1135 3173 1243 3239 BT‘B‘,
1257 3191 1322 3244 ergo

176 3261 206 3315 D
225 3263 311 3316 omnis
329 3262 364 3316 P‘
419 3265 434 3318 7
456 3268 613 3319 contraxere
637 3263 693 3318 TN
709 3265 885 3318 contraxerim
905 3269 952 3318 cet.
1008 3266 1024 3317 9
1043 3264 1120 3335 spnns
1142 3265 1198 3318 TN
1213 3265 1277 3334 sent
1294 3265 1323 3318 B

177 3350 320 3405 senescet.
392 3351 446 3406 fide
464 3352 521 3407 TN
536 3352 602 3406 fides
618 3358 665 3406 cet.
737 3353 816 3421 potui
833 3352 889 3405 TN
899 3353 1052 3422 potuitcet.
1110 3353 1142 3407 10
1162 3354 1322 3422 agnouimus

177 3438 319 3504 creditum,
339 3457 517 3509 agnoscamus
542 3442 624 3495 ctiam
644 3436 813 3494 creditorem.
838 3441 979 3494 creditoris
1001 3457 1097 3509 nempe
1121 3441 1176 3495 TN
1191 3458 1322 3510 agnosca·

177 3545 234 3581 mne
259 3529 341 3581 ctiam
367 3529 536 3594 creditorem,
561 3531 721 3600 agnouimus
745 3528 895 3584 debitorem
920 3535 981 3595 (erra.
1007 3528 1157 3595 creditoris)
1180 3529 1322 3599 nempeX

177 3617 309 3670 creditum
329 3635 515 3687 agnoscamus,
536 3621 600 3689 quia
618 3619 672 3672 iam
693 3619 850 3673 creditorem
870 3619 1039 3688 agnouimus.
1064 3618 1203 3673 creditoris
1223 3620 1322 3688 qnippe

175 3703 205 3757 D
224 3704 356 3758 creditum
376 3707 545 3774 agnouimus,
565 3723 743 3776 agnoscamus
762 3706 844 3760 etiarn
864 3706 1032 3760 creditorem.
1057 3707 1217 3776 agnouimus
1236 3707 1322 3761 credi·

176 3794 242 3845 toris
261 3810 357 3863 nempe
372 3795 399 3848 P
417 3795 547 3849 creditum
569 3796 738 3865 agnouimus,
754 3812 932 3865 agnoscamus
952 3797 1033 3850 etiam
1049 3795 1216 3849 creditorem.
1236 3795 1322 3850 credi·

176 3881 243 3934 toris
262 3899 358 3952 nempe
377 3883 412 3936 M
469 3886 501 3938 13
520 3884 587 3938 mihi
606 3900 657 3938 one.
676 3884 747 3938 B‘P
805 3885 837 3938 14
856 3885 934 3955 uenip
953 3901 1116 3953 recognosco
1139 3884 1196 3939 TN
1210 3890 1235 3938 et
1252 3883 1279 3955 (e
1293 3901 1322 3938 re

175 3971 205 4022 in
224 3976 291 4036 rae.)
307 3971 344 4025 M
360 3972 453 4026 uenire
473 3958 603 4043 cognosco
618 3979 666 4027 cet.
723 3974 755 4027 17
775 3972 847 4025 unde
865 3977 893 4025 et
907 3973 998 4026 DPM
1050 3973 1156 4026 2011011
1175 3973 1260 4026 bonus
1280 3976 1323 4026 est

175 4058 297 4129 ¹[bonus
316 4077 369 4114 non
391 4065 432 4114 est
452 4061 488 4115 M
610 4063 643 4116 21
674 4062 702 4115 in
722 4079 833 4131 quorum
858 4063 1006 4115 assertione
1026 4061 1214 4127 (assertionem
1232 4059 1278 4128 P')
1297 4061 1322 4114 X

175 4147 209 4200 22
229 4149 393 4203 conueniunt
416 4149 472 4205 TN
487 4152 651 4221 perueniunt
669 4156 716 4206 eet.
772 4150 807 4205 23
826 4150 922 4221 incipit
939 4150 1011 4203 B‘P‘
1084 4149 1180 4203 alienis
1200 4152 1262 4216 (cm.
1281 4164 1322 4202 er·

175 4237 253 4306 roris)
272 4238 343 4290 ΒΡ
