2784 5228
169 306 212 359 De
228 307 362 376 interpell.
373 307 422 360 Iob
437 312 463 360 et
473 305 564 360 Dauid
573 305 630 360 1111
641 308 691 373 (ΙΙ)
703 308 762 367 3.4.
774 308 880 362 10-11
899 309 981 374 (1641
991 306 1152 376 1-6421).
1190 311 1254 374 275

112 504 146 565 et
173 501 274 566 tristis
303 504 369 566 erat
396 521 498 585 usque
527 501 566 566 ad
589 506 734 581 mortem,
759 521 819 567 non
842 509 972 586 propter
992 508 1146 582 mortem3
1171 525 1255 570 mors

110 608 195 672 enim
219 609 399 673 uoluntaria
416 609 610 674 maestitiam
628 609 743 674 habere
762 629 822 674 non
842 614 997 694 potuerat,
1016 611 1048 675 in
1068 631 1130 694 qua
1147 614 1255 678 futura
1273 624 1296 678 B
1317 591 1320 596 ’

112 720 179 779 erut
202 716 424 780 uniuersorum
441 716 573 792 laetitia,
593 716 814 781 uniuersorum
832 717 972 783 refectio.
993 718 1030 783 de
1050 738 1110 802 qua
1131 724 1162 784 et
1181 720 1256 784 alibi

112 822 209 887 dixit:
248 827 287 887 et
324 823 481 888 surrexi
520 827 558 887 et
589 823 687 901 uidi,
721 828 759 887 et
792 843 956 889 somnus
990 825 1125 891 dulcis
1159 826 1255 890 mihi

79 930 247 993 stactus
276 933 347 994 est.
377 931 478 994 bonus
508 949 639 994 somnus
664 930 717 1013 qui
741 931 818 996 fecit
841 951 902 995 non
927 931 1045 997 esurire
1068 932 1255 1008 esurientes

111 1056 171 1099 uon
200 1037 288 1100 sitire
317 1037 471 1113 sitientes,
501 1037 617 1117 quibus
646 1040 914 1102 sacramentorum
943 1037 1142 1103 dulcedinem
1169 1058 1256 1121 prae·

110 1143 243 1226 parauit.
268 1143 425 1226 quomodo
449 1163 523 1227 ergo
543 1144 645 1208 anima
665 1145 734 1208 eius
753 1145 867 1209 timore
885 1147 1011 1210 turbata
1030 1150 1088 1222 est,
1108 1147 1163 1228 qui
1180 1146 1256 1212 fecit

111 1251 245 1327 alionrm
272 1250 394 1315 animas
422 1269 484 1314 uon
512 1251 650 1315 timere?
678 1252 780 1316 tristis
810 1271 884 1336 ergo
912 1272 1015 1336 usque
1044 1253 1083 1317 ad
1109 1258 1254 1329 mortem,

111 1358 209 1422 donec
233 1361 508 1422 consummaretur
531 1358 641 1441 gratia.
666 1358 751 1440 quod
773 1359 924 1441 probatur
945 1358 1048 1442 ipsius
1072 1359 1255 1425 testimonio

65 1487 92 1525 ιο
112 1463 245 1528 dicentis
275 1464 312 1528 de
339 1467 441 1528 morte
471 1483 547 1528 sua:
576 1464 779 1547 baptisma
806 1466 932 1530 habeo
966 1465 1182 1548 baptizari.
1217 1470 1294 1533 etc

111 1569 310 1652 quomodo
349 1589 481 1653 angor,
520 1589 647 1652 usque
681 1569 769 1634 dum
801 1570 1076 1652 perficiatur?
1107 1572 1254 1635 turbatus

110 1676 210 1759 igitur
232 1676 337 1740 Dauid
360 1675 492 1741 lubricis
517 1676 637 1741 saeculi
660 1676 757 1740 huius
786 1676 979 1740 aufractibus
998 1676 1104 1741 dicit:
1135 1696 1255 1759 quare

110 1782 252 1846 tristis
291 1801 342 1857 ee,
381 1782 520 1859 anima,
554 1800 677 1864 quare
710 1782 930 1846 conturbas
963 1786 1047 1847 me?
1076 1802 1194 1865 spera
1216 1783 1253 1846 in

110 1889 236 1966 deum,
275 1890 461 1972 quoniam
500 1887 734 1953 confitebor
768 1888 855 1953 illi:
894 1890 1077 1954 salutare
1111 1891 1254 1954 uultus

66 2020 91 2060 ιε
109 1997 187 2061 mei
215 1999 254 2060 et
283 1995 380 2060 deus
410 2014 530 2060 meus.
561 2015 634 2079 ergo
664 1995 787 2077 quando
816 1995 898 2060 anxii
923 1999 955 2059 et
979 1997 1109 2062 solliciti
1133 2016 1255 2072 sumus,

109 2123 183 2186 spes
220 2122 277 2168 nos
315 2104 493 2167 futinorum
533 2104 747 2186 expectatione
790 2103 962 2168 confirmet.
1004 2103 1078 2167 uide
1120 2104 1254 2186 singula.

111 2230 237 2292 spera,
267 2210 457 2292 quonium
485 2209 729 2287 confitebor,
758 2210 872 2292 inquit,
901 2228 961 2273 non
991 2210 1172 2287 ‘confiteor‚'
1200 2210 1256 2274 sed

107 2317 315 2391 “confitebort
339 2318 398 2380 hoc
424 2320 488 2381 est:
512 2318 586 2379 tunc
611 2317 725 2380 melius
754 2315 936 2393 confitebor,
961 2316 1084 2398 quando
1112 2318 1296 2384 reuelatan

109 2424 189 2488 facie
214 2424 346 2508 glorium
372 2423 420 2486 dei
446 2424 629 2506 speculatus
653 2423 684 2486 in
709 2422 840 2487 eandem
862 2423 1033 2507 imaginem
1053 2424 1256 2489 reformabor.

63 2557 92 2597 eo
111 2532 217 2596 subito
235 2550 307 2594 cum
328 2550 361 2594 se
381 2531 606 2606 consolaretur,
625 2531 656 2593 in
678 2549 711 2593 se
730 2548 877 2593 reuersus
897 2529 958 2593 ait:
980 2530 1024 2594 ad
1045 2550 1100 2595 rue
1124 2531 1255 2612 ipsum

110 2638 239 2702 anima
262 2655 344 2700 mea
364 2637 530 2701 turbata
549 2641 621 2713 est,
641 2637 673 2699 id
693 2640 760 2700 est:
781 2636 836 2718 qui
856 2636 935 2700 alios
956 2637 1137 2701 confirmare
1157 2637 1255 2700 debeo

109 2746 177 2829 ipse
206 2745 385 2819 conturbor,
414 2747 447 2807 et
474 2745 547 2826 quia
576 2763 612 2808 ex
639 2763 689 2807 me
718 2762 778 2808 non
807 2743 908 2808 habeo
942 2743 1184 2820 firmamentum,
1218 2743 1256 2807 de

109 2861 237 2920 auctore
262 2871 436 2917 sumamus.

155 2963 375 3042 Propterea
398 2959 503 3040 inquit
526 2977 673 3022 memor
697 2975 761 3021 ero
786 2957 858 3032 tui,
884 2956 1052 3033 domine,
1077 2956 1122 3021 de
1146 2960 1255 3020 terra
1272 2971 1318 3024 EF

62 3067 299 3133 esIordanis
342 3070 380 3130 et
421 3064 650 3129 Hermonin.
694 3082 815 3128 memor
847 3066 897 3127 est
925 3064 963 3128 de
993 3067 1075 3128 terra
1103 3063 1255 3139 lordonis

203 3205 451 3268 ruminasse
524 3170 751 3266 insenesco
813 3204 846 3257 10
864 3203 929 3257 Luc.
952 3205 993 3269 la,
1013 3205 1047 3258 so
1104 3204 1254 3258 rausum.

110 3297 254 3350 xxxxrc
294 3297 326 3349 rs
345 3296 372 3349 n
389 3296 448 3350 eos
470 3295 494 3360 a,
517 3295 549 3349 xe
586 3295 621 3348 eo
640 3294 739 3350 esum.
758 3293 902 3347 xxxxxr
939 3295 973 3348 24
989 3293 1087 3347 Psalm.
1108 3293 1219 3347 xxxxr
1241 3299 1254 3347 r

147 3405 163 3457 2
183 3407 289 3473 poterat
309 3403 400 3456 BDP
473 3404 489 3456 4
508 3401 596 3454 factus
617 3403 659 3455 est
677 3400 744 3453 mihi
763 3400 790 3452 Β
853 3400 871 3454 8
891 3401 978 3453 tristis
997 3401 1025 3453 P
1043 3401 1077 3466 (is
1097 3401 1146 3453 alt.
1166 3418 1198 3453 aa
1217 3406 1256 3469 es)

112 3494 146 3547 10
165 3492 278 3545 dicentis
293 3493 320 3544 P
338 3494 372 3561 (is
388 3508 419 3544 ece
434 3492 472 3559 es)
546 3489 681 3560 pabtisma
695 3489 722 3541 P
736 3493 815 3554 (corr.
831 3493 883 3553 ml)
898 3488 1062 3558 baptismate
1076 3489 1103 3542 Β
1159 3490 1189 3541 11
1212 3505 1255 3540 us·

109 3600 163 3652 que
174 3600 225 3636 om.
236 3583 262 3634 B
278 3586 378 3651 (inrnp.
390 3586 437 3635 aas?
447 3582 476 3634 ul
491 3597 575 3649 usque
586 3579 660 3642 darn)
706 3581 737 3632 12
753 3578 920 3633 anfractibus
935 3579 1035 3632 saeculi
1051 3581 1112 3647 (oar.
1128 3578 1218 3643 huius)
1230 3578 1256 3630 Β

147 3671 215 3724 dixit
235 3672 290 3724 RI)
392 3672 423 3723 13
443 3671 532 3722 anima
550 3685 610 3722 mea
629 3667 748 3721 BDW'
865 3671 893 3720 et
913 3684 994 3735 quare
1008 3666 1063 3719 BC
1154 3667 1186 3719 14
1205 3666 1255 3719 deo

111 3761 239 3831 quoniam
259 3759 346 3813 adhuc
365 3759 392 3811 Β
448 3760 480 3812 15
501 3775 591 3811 sumus
612 3762 640 3811 et
658 3757 769 3811 solliciti
787 3758 814 3811 Β
870 3757 902 3809 ld
922 3774 970 3809 nos
986 3762 1051 3825 poet
1069 3756 1255 3833 expectatione

110 3856 299 3916 transponunt
317 3849 381 3901 DP'
464 3848 605 3901 confirmat
623 3846 688 3900 ΒΡ
753 3848 785 3900 19
806 3833 852 3898 diii
871 3846 898 3898 Β
979 3844 1073 3899 eadem
1092 3844 1210 3912 imagine
1228 3844 1256 3896 B

148 3931 249 4018 callem
270 3965 296 4017 P
350 3965 384 4017 ‘20
404 3964 539 4031 reuersus]
560 3979 652 4015 rursus
671 3962 735 4015 DP‘
790 3963 821 4016 21
843 3979 903 4014 mea
922 3978 972 4014 om.
989 3960 1015 4012 B
1034 3961 1076 4013 lin
1093 3976 1142 4028 my.
1162 3962 1210 4013 oet)
1228 3960 1257 4012 ul

110 4056 201 4108 anima
219 4059 289 4109 meat
359 4055 393 4108 94
414 4053 522 4107 domine
542 4069 591 4106 erre.
613 4053 639 4105 B
658 4054 700 4122 (io
720 4070 768 4121 rap.
788 4055 835 4104 m2
854 4053 882 4104 al
901 4052 941 4104 tui
961 4049 1079 4113 donnae)
1149 4051 1184 4103 25
1202 4050 1255 4103 ior·

109 4144 195 4197 darres
214 4145 241 4196 Ρ
347 4144 487 4196 lrennonin
507 4144 560 4196 ΡΒ
578 4142 738 4196 hermoniim
763 4143 794 4205 (ii
819 4148 865 4193 rut)
888 4157 920 4194 ex
944 4145 971 4204 11)
992 4139 1054 4193 ΒΡ
1081 4139 1214 4193 hermonii
1235 4137 1259 4193 C

148 4232 266 4285 iordanis
287 4233 313 4285 P
332 4233 351 4288 oi
372 4233 421 4286 alt.
442 4250 474 4286 cr
493 4238 518 4290 el
