2804 5168
145 702 206 766 [ΠΙ
604 698 823 752 Praelatio.

143 914 300 977 sequerer,
320 894 477 959 adductus
497 895 557 958 sim
573 912 740 975 exponam:
761 892 856 957 huius
872 892 955 956 enim
970 892 1063 956 fidem
1077 892 1289 976 perexiguam,

144 1005 250 1067 contra
282 1002 451 1065 maximam
483 999 635 1065 Parisiaci
668 1018 738 1064 esse
771 1018 821 1062 me
854 1017 914 1062 non
948 997 1070 1082 fugisse
1103 997 1165 1062 iam
1194 1018 1291 1081 supra

142 1108 398 1173 commemoraui.
427 1125 463 1171 11
487 1107 624 1190 primum
648 1104 774 1188 quidem
798 1105 895 1169 miror
916 1104 947 1168 in
972 1103 1122 1168 orationis
1146 1123 1225 1185 quae
1251 1105 1290 1169 de

141 1214 393 1297 interpellatione
425 1213 531 1277 Dauid
562 1212 746 1277 inscribitur
778 1211 900 1275 exordio
934 1230 1005 1275 eum
1040 1210 1094 1292 qui
1131 1211 1292 1275 antecedit

142 1340 320 1387 sermonem
348 1339 408 1385 uon
438 1319 555 1384 diserte
584 1318 766 1403 significari,
795 1318 852 1382 sed
880 1317 925 1381 ita
951 1316 1171 1400 prohoemium
1205 1336 1289 1381 com-

140 1431 285 1510 paratum
318 1445 399 1504 esse,
427 1430 464 1490 ut
492 1425 590 1490 oratio
619 1444 680 1489 non
709 1444 782 1489 cum
810 1424 912 1507 prima
939 1423 1115 1501 cohaerere,
1140 1423 1195 1487 sed
1219 1424 1290 1505 ipsa

141 1555 196 1619 per
219 1555 252 1600 se
277 1537 359 1599 stare
383 1533 539 1598 uideatur.
564 1532 676 1598 deinde
701 1552 772 1597 eum
793 1533 846 1613 qui
867 1533 897 1596 in
917 1531 976 1596 hac
996 1531 1132 1596 editione
1152 1533 1287 1595 alterum

139 1643 246 1707 locum
280 1645 416 1724 occupat
448 1660 627 1706 sermonem
660 1643 732 1722 apte
771 1659 843 1703 cum
880 1639 980 1721 primo
1019 1638 1167 1721 coniungi
1208 1641 1287 1720 puto

140 1752 234 1831 atque
263 1748 303 1811 ad
330 1747 414 1812 hunc
441 1747 540 1811 uerba
567 1765 647 1829 quae
682 1745 772 1809 initio
805 1744 911 1827 posita
943 1749 1018 1808 sunt
1050 1744 1172 1820 reterri3
1205 1745 1288 1809 illud

138 1854 341 1919 ‘sanctorum'
363 1853 453 1936 (233,
478 1849 511 1935 3)
536 1850 618 1914 enim
644 1850 682 1914 ad
702 1850 798 1927 uiroc,
819 1869 952 1932 quorum
971 1851 1001 1913 in
1023 1869 1165 1914 sermone
1184 1850 1287 1934 primo

139 1960 256 2025 mentio
289 1959 335 2037 fit,
368 1958 450 2023 redit
483 1961 577 2039 atque
606 1957 688 2020 inter
715 1955 784 2028 hos,
814 1955 875 2019 etsi
904 1956 959 2019 lob
983 1957 1155 2039 principem
1179 1958 1286 2022 locum

139 2066 270 2142 obtinet,
299 2068 405 2129 tamen
437 2063 543 2128 Dauid
571 2082 696 2144 quoque
732 2062 844 2127 multis
877 2063 957 2127 locis
990 2064 1046 2146 (ss.
1080 2064 1111 2137 3,
1148 2064 1198 2142 15,
1232 2066 1286 2140 21,

139 2175 193 2251 24,
227 2171 283 2255 29)
318 2174 593 2236 commemoratur.
631 2169 711 2233 nihil
743 2169 841 2252 igitur
874 2168 990 2246 obstat,
1024 2171 1194 2251 quominus
1223 2190 1286 2234 ser·

139 2298 265 2343 monem
298 2279 432 2341 alterum
466 2279 499 2340 et
529 2276 659 2340 tertium
688 2275 768 2340 bene
796 2275 933 2358 primum
963 2277 1103 2359 excipere
1128 2277 1285 2341 existime-

139 2405 220 2450 mus.
253 2384 388 2467 deniquo
421 2383 527 2448 uerbis
552 2383 617 2464 ‘qui
648 2381 679 2445 in
709 2382 923 2464 superioribus
953 2381 1082 2447 dixerat'
1109 2384 1197 2465 (233,
1229 2383 1284 2469 11)

139 2495 171 2556 11
198 2494 267 2557 1111
297 2490 412 2575 psalmi
436 2491 461 2553 L
483 2508 545 2555 non
570 2489 608 2553 ad
633 2489 806 2554 orationem
830 2487 868 2552 do
892 2490 1145 2571 interpellatione
1168 2491 1282 2566 Dauid,

138 2599 195 2663 sed
227 2599 266 2662 ad
298 2597 418 2681 primae
452 2597 624 2661 sectionem
658 2595 812 2661 XXVllll
848 2615 1043 2662 reuocamur.
1082 2598 1160 2661 adde
1199 2599 1284 2680 quod

137 2705 354 2770 hiaurinorum
400 2702 628 2784 interpretatio,
671 2702 736 2784 qui,
778 2703 805 2766 si
846 2702 998 2767 Parisiaci
1042 2703 1282 2785 dispositionem

137 2811 309 2893 sequimur,
347 2813 385 2873 ut
420 2809 557 2892 primum
595 2813 628 2873 11
664 2809 799 2873 alterum
831 2809 878 2872 ita
909 2809 1038 2873 tertium
1072 2814 1104 2873 et
1135 2814 1281 2892 quartum

137 2935 312 2982 sermonem
343 2915 426 2979 inter
458 2934 491 2979 se
524 2916 711 2998 respondere
745 2914 949 2993 contendunt,
977 2916 1055 2979 mihi
1083 2936 1281 2999 nequaquam

136 3026 222 3088 certa
260 3041 331 3087 esse
369 3021 505 3086 uidetur.
544 3023 659 3087 etenim
697 3023 728 3086 in
765 3023 866 3105 primo
905 3022 942 3086 de
980 3023 1281 3105 perturbationibus,

135 3129 250 3210 quibus
283 3129 402 3192 athleta
431 3127 630 3193 Christianus
659 3129 845 3212 exagitatur,
875 3132 908 3193 et
938 3130 975 3193 do
1001 3131 1282 3205 consolationibus,

135 3253 214 3317 quae
239 3236 267 3298 ei
290 3238 416 3316 praesto
441 3238 526 3311 sunt,
549 3235 736 3300 Ambrosius
761 3236 902 3318 loquitur
925 3237 970 3300 ita
994 3238 1030 3300 ut
1049 3237 1135 3301 uiros
1156 3242 1283 3302 sanctos

136 3360 245 3406 omues
275 3344 369 3424 atque
397 3342 428 3405 in
457 3341 567 3424 primis
595 3341 652 3406 leb
681 3345 714 3406 et
739 3344 863 3425 praeter
892 3363 964 3408 eum
995 3344 1100 3408 Dauid
1124 3346 1285 3426 respiciat.

135 3448 233 3511 altero
267 3450 384 3522 autem,
419 3465 482 3530 quo
515 3447 620 3512 Dauid
654 3449 742 3513 solus
776 3453 948 3532 spectatur,
983 3449 1020 3514 de
1054 3452 1176 3515 ratione
1205 3471 1284 3533 qnae

134 3554 214 3618 inter
247 3552 386 3618 hominis
419 3554 555 3617 animam
588 3558 620 3618 11
653 3555 744 3620 deum
770 3556 939 3621 intercedit
962 3557 1069 3641 agitur
1092 3559 1124 3622 et
1146 3559 1284 3622 hominis

133 3660 173 3724 ad
204 3660 398 3743 peccandum
430 3660 615 3743 procliuitas
650 3662 762 3744 deique
792 3682 865 3747 erga
894 3665 1038 3729 homines
1068 3666 1285 3730 misericordia

134 3767 336 3849 explicantur.
370 3767 491 3859 quain
520 3787 552 3831 11
582 3768 751 3851 allegorica
779 3771 946 3852 praecipue
971 3774 1003 3834 11
1026 3773 1162 3855 mystica
1187 3774 1284 3836 inter-

132 3872 267 3954 pretatio
296 3872 473 3936 adhibetur.
506 3873 567 3936 iam
597 3893 671 3939 uero
701 3877 815 3940 tertius
844 3881 877 3941 11
905 3881 1038 3959 quartus
1063 3882 1100 3942 ut
1124 3879 1229 3943 indole
1254 3886 1286 3944 et

131 3979 264 4043 materia
292 3979 385 4062 plane
416 3979 533 4044 diuersi
563 3985 638 4045 sunt
666 3983 704 4046 ab
733 3983 831 4048 altero
865 3984 910 4047 itu
944 4004 1040 4066 quam
1073 3987 1212 4068 proxime
1246 3989 1285 4051 ad

131 4085 268 4168 primum
307 4086 471 4162 accedunt,
510 4087 625 4170 quippe
663 4089 717 4169 qui
759 4090 837 4153 nihil
878 4090 1015 4154 habeant
1059 4093 1286 4176 mysteriorum

130 4192 268 4268 illorum,
299 4192 355 4256 sed
384 4193 414 4255 in
443 4193 585 4257 moribus
610 4195 757 4258 humanis
782 4198 1034 4281 contemplandis
1060 4199 1284 4283 erroribusque

130 4315 238 4361 eorum
267 4299 322 4379 qui
350 4299 452 4363 iustos
483 4300 670 4382 saepissime
698 4303 790 4367 malis
818 4304 907 4367 obrui
933 4309 1106 4386 querentes
1131 4307 1181 4371 dei
1204 4308 1285 4372 iniu-

130 4403 251 4467 stitiam
279 4411 431 4469 accusant
459 4405 635 4471 refutandis
665 4414 840 4474 uersentur.
875 4411 1034 4493 quomodo
1070 4413 1170 4497 igitur
1204 4415 1290 4480 inter

130 4529 289 4575 sermones
322 4512 336 4574 l
371 4517 402 4576 et
425 4513 456 4575 ll
481 4512 611 4575 eandem
645 4534 739 4596 quam
772 4518 854 4580 inter
886 4518 932 4581 lll
969 4520 1000 4581 et
1033 4519 1096 4581 llll
1130 4521 1285 4586 rationem

129 4616 320 4681 intercedere
349 4618 505 4682 aeltirmari
534 4621 638 4701 possit
665 4641 726 4685 non
756 4623 860 4690 uideo.
899 4629 1038 4689 ceterum
1077 4627 1161 4708 quod
1194 4628 1285 4693 initia
