2804 5168
310 306 350 358 m
371 305 466 375 rosepn
487 308 511 358 o.
535 306 577 367 ro,
596 306 701 360 ,ῆι-57
730 307 753 371 d
773 306 825 361 soe
846 307 959 361 n-soa
981 308 1022 373 n).
1177 313 1240 374 lon

100 512 235 564 nester
272 501 430 564 senior?
464 501 634 581 superioris
669 505 718 565 est
750 501 929 565 inferiorem
965 502 1003 566 ad
1037 504 1239 586 conloquium

99 624 277 687 prouocare,
311 607 383 669 dare
416 608 569 670 sermonis
603 605 762 685 fiduciam,
797 628 945 690 quaerere
975 629 1035 673 non
1067 612 1171 677 solum
1202 611 1240 678 de

32 710 62 773 55
99 712 184 795 ipsis,
214 714 269 777 sed
298 714 394 778 etiam
423 716 460 779 de
488 715 682 796 parentibus.
712 717 902 797 respondent
935 717 1000 780 illi:
1035 724 1144 782 reete
1178 725 1240 784 est

98 839 191 900 puer
214 825 320 898 tuus,
340 825 622 903 paternoster.
642 822 697 887 ille
717 823 870 886 seniorem
891 823 978 887 dixit.
999 828 1034 887 ut
1053 824 1237 891 honoraret:
1261 827 1283 880 B

72 925 147 990 sisti
176 947 309 1010 puerum
339 927 551 1003 nominarunt,
581 932 618 992 ut
646 929 802 993 deferrent
824 930 1015 993 humilitatis
1041 931 1239 1012 obsequium,

98 1033 178 1113 equod
207 1038 354 1097 senectus
384 1034 552 1098 honoratae
582 1035 624 1099 sit
653 1035 826 1119 dignitatis
859 1036 994 1116 pueritia
1027 1040 1133 1101 autem
1166 1039 1239 1103 snb·

99 1139 175 1204 ieeta
199 1140 347 1204 uideatur
371 1145 402 1204 et
425 1142 553 1224 propior
576 1141 782 1206 uerecundiae
807 1161 900 1223 quam
926 1143 1102 1224 superbiae.

27 1240 60 1304 id
138 1247 1238 1329 RespiciensatatemoeulisuiditBeniaminfratrem

99 1373 207 1417 suum
244 1374 285 1417 ex
319 1354 452 1418 eadem
488 1362 621 1419 aratre.
656 1355 773 1418 morale
808 1359 866 1421 est.
900 1359 937 1418 ut
965 1375 1044 1436 qnos
1075 1356 1237 1440 diligimus

60 1474 82 1515 10
98 1479 146 1525 eos
172 1461 338 1525 uideamus
363 1480 436 1542 prae
461 1461 573 1525 ceteris
594 1466 626 1524 et
645 1481 725 1542 quoa
745 1462 838 1524 animi
859 1462 993 1526 intentio
1013 1467 1101 1527 tenet
1119 1465 1237 1545 priores

99 1586 147 1632 eos
172 1568 304 1632 obtutus
330 1568 467 1631 offendat
491 1569 665 1643 eternorum,
691 1568 848 1649 siquidem
868 1570 1055 1652 plerumque
1076 1571 1158 1635 eirea
1177 1573 1237 1636 alia

97 1674 209 1737 mentis
243 1674 447 1755 occupatione
481 1674 617 1738 districti
646 1695 725 1756 quos
754 1675 908 1739 habemns
938 1679 1021 1741 ante.
1038 1679 1282 1743 oculosnant'

97 1781 252 1844 uidemus,
291 1781 335 1844 ita
373 1781 450 1844 duee
489 1781 591 1846 aninro
632 1782 779 1864 dirigitur
816 1786 924 1846 noster
962 1787 1122 1865 aspectus.
1155 1786 1238 1849 uidit

97 1885 191 1970 igitur
220 1887 382 1951 Beniamin
412 1889 538 1951 fratrem
564 1908 657 1952 suum
683 1892 813 1952 sanctus
838 1889 965 1972 loseph,
991 1911 1084 1972 quem
1108 1894 1237 1957 tenebat

59 2005 81 2045 1⁵
96 1995 208 2069 animo,
242 2012 335 2075 quern
369 1995 470 2057 sterilis
503 1995 693 2075 requirebat,
727 2015 788 2077 qno
823 1996 953 2060 absente
988 1999 1101 2062 fratres
1138 2019 1236 2081 paene

95 2118 152 2165 noa
186 2099 318 2163 uiderat.
353 2101 426 2182 qnia
460 2101 565 2165 uidere
600 2102 678 2164 nihil
707 2102 864 2185 proderat.
895 2122 950 2167 nec
980 2105 1085 2167 solum
1114 2105 1235 2170 uidisse

96 2211 259 2272 contentus
289 2208 379 2290 qnasi
413 2208 549 2271 nesciret
579 2209 805 2292 interrogauit:
840 2210 904 2273 hie
937 2210 1064 2275 frater
1096 2217 1235 2275 uester

96 2319 153 2379 est
183 2314 516 2380 adulescentior?
545 2316 741 2380 consuetudo
771 2320 803 2381 et
826 2318 926 2400 gratia
951 2317 1091 2381 caritatis
1116 2324 1174 2393 est,
1199 2323 1235 2382 ut

95 2421 226 2487 dilectos
250 2424 341 2487 nobis
367 2442 426 2487 non
447 2422 550 2486 solnm
572 2423 683 2500 oeulis,
704 2423 759 2487 sed
780 2424 876 2487 etiam
896 2444 1039 2488 sermone
1058 2430 1235 2489 teneamus.

56 2533 266 2612 ²⁰agnouerat
293 2530 406 2610 Ioseph
437 2529 588 2593 dilectum
619 2549 723 2605 suurn,
753 2530 809 2594 sed
836 2530 906 2595 ideo
939 2530 1163 2614 interrogabat,
1197 2537 1280 2598 utI>

22 2621 54 2686 57
95 2655 185 2717 quem
218 2638 346 2700 tenebat
379 2637 502 2699 animus
536 2656 595 2701 nox
629 2639 763 2700 sonaret.
798 2636 932 2719 denique
964 2656 1024 2701 non
1059 2640 1237 2721 expectauit

95 2747 127 2806 ut
149 2742 400 2825 responderetur,
426 2743 481 2806 sed
506 2743 654 2807 continuo
679 2743 838 2806 benedixit
861 2762 932 2807 eum
958 2748 990 2808 et
1013 2746 1158 2810 turbatus
1188 2751 1236 2810 eet

95 2847 239 2913 desiderii
260 2850 308 2912 sui
329 2850 444 2913 fructu.
470 2850 771 2931 torquebantur
795 2856 926 2914 autem
950 2852 1114 2916 uiscera
1137 2853 1235 2928 eins,

95 2956 165 3034 quia
180 2955 398 3036 conplectendi
418 2956 487 3019 eius
508 2975 600 3037 quem
620 2956 855 3021 desiderauerat
872 2957 1003 3021 libertas
1024 2959 1234 3032 differebatur.

56 3061 1236 3145 adeatqueingressusinpromptuariumplorauitetlauit

94 3169 237 3233 faciem
262 3188 371 3232 suam
396 3172 434 3232 et
458 3169 665 3233 continuit
689 3188 737 3234 se.
763 3169 889 3253 grandis
915 3170 1029 3234 auroris
1050 3171 1149 3235 aculei
1172 3172 1234 3236 cito

95 3276 184 3340 eorda
222 3280 437 3359 conpungunt,
471 3276 531 3339 nisi
565 3275 712 3340 desiderii
745 3275 832 3340 frena
864 3277 1015 3340 laxentur.
1050 3277 1280 3354 uincebaturq

180 3465 397 3521 strennas:
449 3464 670 3530 serenatas
724 3468 754 3520 17
776 3466 842 3520 Gen.
864 3468 906 3532 43,
926 3466 961 3520 ‘21⁸3
1013 3467 1234 3531 andernense

94 3553 125 3604 ‘25
145 3552 210 3606 Gen.
230 3555 273 3615 43,
293 3555 327 3607 ‘29
346 3570 386 3622 sq.

257 3672 351 3683 ——-·
424 3673 451 3683 -ι

126 3690 143 3740 4
161 3694 239 3759 poter
257 3706 289 3741 nr
309 3696 351 3751 (nr
369 3705 402 3740 er
420 3705 452 3740 ur
470 3693 512 3740 ml
530 3688 572 3752 ab
593 3705 659 3758 pum
678 3692 741 3742 tuus
761 3689 799 3742 Ν
890 3694 906 3743 5
930 3691 970 3743 illi
989 3690 1061 3744 ⁵21³OE
1149 3692 1234 3743 nomi·

94 3782 225 3830 nonerunt
243 3776 276 3830 N
323 3778 338 3829 ‘l
358 3777 480 3847 proprior
499 3777 526 3829 B
545 3782 570 3829 et
590 3782 613 3842 (r
634 3778 682 3830 alt.
703 3795 761 3846 exp.
781 3782 838 3833 m2r
858 3778 891 3834 a‘
910 3779 1017 3849 proprie.
1036 3779 1091 3832 ΡΙ)
1143 3779 1175 3832 10
1193 3786 1234 3833 te·

93 3869 138 3917 net
156 3863 180 3916 ll
190 3864 295 3918 n'DOT
311 3865 395 3918 habet
413 3866 445 3920 ‘ll‘
466 3870 510 3929 (ex
529 3864 611 3919 debet
629 3884 663 3918 m.
685 3868 753 3933 rarat.)
772 3867 845 3922 91¹OE
935 3867 966 3919 12
987 3867 1106 3920 destricti
1126 3867 1195 3920 N‘l'
1211 3873 1235 3920 el

94 3952 135 4020 (de
154 3970 187 4007 ear
206 3953 244 4023 di)
267 3953 291 4005 Τ
309 3953 433 4006 distracti
452 3954 479 4006 P
525 3955 557 4007 13
577 3953 716 4007 uideamus
736 3954 790 4007 Bo
809 3961 834 4009 et
854 3960 880 4021 (e
898 3957 980 4016 erus.)
999 3955 1027 4007 P
1068 3957 1099 4008 lo
1120 3957 1182 4025 quio
1194 3997 1199 4008 .
1212 4000 1234 4025 ,1

93 4041 218 4109 proderat
236 4059 286 4096 oar.
307 4042 352 4101 ΧΩ
371 4059 391 4095 s.
411 4043 485 4095 u.T
557 4044 699 4112 prodeeret
717 4044 744 4096 B
816 4045 846 4096 21
870 4045 959 4097 animo
978 4044 1010 4097 N
1080 4045 1114 4096 ‘24
1133 4044 1235 4098 desere-

93 4129 170 4184 batur
189 4131 217 4185 B
235 4138 260 4184 el
280 4136 358 4189 (corr.
378 4135 435 4197 m2)
456 4132 483 4184 P
550 4134 584 4186 25
604 4133 817 4201 prumptuarium
836 4134 863 4185 P
882 4140 961 4197 (corr.
980 4138 1033 4198 md)
1053 4134 1096 4186 P‘¹
1115 4138 1235 4203 prointu-

93 4221 174 4273 arium
200 4219 250 4272 VO
303 4222 337 4275 26
357 4222 548 4274 continuerunt
567 4221 638 4273 ΒΙΜ
657 4227 682 4274 et
702 4226 781 4287 (corr.
801 4226 855 4290 md)
875 4222 903 4274 P
