2804 5168
310 304 444 374 Apologia
458 303 548 357 Dauid
564 304 648 357 altera
665 305 687 358 l.
702 304 728 365 2,
743 303 812 357 3-a
832 303 856 374 (Ι
870 303 921 358 703
936 303 1047 359 Α-709
1058 303 1101 369 Β).
1224 307 1285 370 361

146 499 184 562 de
217 518 278 580 qno
313 498 434 582 possim
465 499 563 563 latius
597 498 761 573 disserere,
790 498 847 563 sed
875 499 956 562 alins
985 501 1168 581 propositus
1198 499 1289 564 nobis

146 606 275 670 uidetur
303 624 373 670 esse
401 609 568 670 tractatus.
593 609 625 670 et
647 606 724 671 lieet
747 606 944 670 diuersarum
969 606 1065 671 series
1090 606 1224 670 decursa
1247 607 1291 670 sit

146 713 328 788 lectionum,
353 712 392 776 ad
411 712 542 777 eundem
562 716 666 777 tamen
687 712 897 778 adsertionem
916 713 1085 796 proliciunt
1105 717 1136 778 et
1156 713 1290 777 marimo

146 819 261 902 psalmi
281 820 396 884 titulus
417 824 448 883 et
467 819 653 903 errungelioa
670 819 777 885 leutio.
799 819 854 884 sed
874 820 1021 901 quamuis
1041 840 1103 884 nna
1123 821 1291 885 conueniat

114 948 126 988 a
147 926 294 1001 adsertio,
319 929 425 990 tamen
449 926 536 991 iuxta
560 926 701 991 ordinem
723 926 897 992 lectionum
923 928 965 992 sit
990 928 1064 993 ordo
1083 930 1237 992 tractatus
1259 930 1292 991 et

145 1032 214 1097 ideo
240 1033 277 1096 de
301 1032 395 1097 titulo
420 1033 508 1115 prius
532 1033 648 1116 psalmi
670 1034 870 1099 tractandum
893 1034 1031 1099 uidetur.

31 1144 98 1224 2,5
190 1140 357 1222 Proposita
384 1145 434 1204 est
460 1139 605 1219 historia,
634 1159 714 1221 qnae
742 1140 932 1205 adulterium
962 1142 1077 1205 habeat
1106 1145 1138 1205 et
1160 1141 1290 1205 homici-
1318 1152 1342 1204 Ι)

146 1245 244 1309 dium.
273 1264 345 1308 nam
373 1246 418 1308 ita
446 1245 642 1327 repperimus
666 1245 697 1308 in
721 1245 802 1309 libro
827 1246 981 1339 seriptum
1006 1266 1075 1311 esse
1099 1246 1289 1332 Regnorum,

147 1352 220 1433 quia
243 1351 348 1415 Dauid
375 1371 438 1426 rer,
469 1370 541 1415 cum
565 1351 783 1416 deambularet
806 1351 837 1416 in
862 1351 955 1417 domo
980 1372 1047 1429 sua,
1071 1355 1232 1419 lauantem
1257 1374 1290 1420 se

104 1485 128 1523 ro
148 1457 204 1521 Uri
241 1456 325 1521 uidit
360 1476 499 1533 uxorem,
538 1456 658 1521 amauit
690 1457 764 1522 ilioo
798 1461 830 1522 et
862 1458 957 1523 iussit
989 1461 1145 1524 accersiri.
1179 1460 1290 1526 deinde

148 1565 252 1629 uirum
276 1564 344 1628 eius
369 1564 579 1640 innocentem,
598 1568 636 1627 ut
655 1565 811 1647 scriptura
829 1565 960 1642 inducit,
980 1566 1187 1631 bellatoribus
1208 1568 1290 1632 obini

147 1672 244 1736 iussit
271 1669 444 1745 acerrimis,
473 1674 510 1733 ut
536 1671 570 1735 ni
600 1671 831 1753 opprimeretur
857 1671 979 1736 hostili.
1007 1671 1086 1737 haec
1109 1673 1192 1738 sueta
1216 1678 1389 1740 suntrana

148 1799 204 1843 neo
236 1780 401 1862 negantur.
435 1775 593 1858 quomodo
626 1777 727 1861 igitur
759 1777 991 1842 defendentur?
1028 1779 1107 1843 bene
1145 1779 1293 1844 admonet

149 1886 334 1970 euangelica
370 1885 477 1959 lectio,
516 1885 612 1950 etiam
650 1903 722 1948 oum
760 1887 926 1966 peceatum
959 1889 1118 1967 appareat,
1152 1886 1292 1951 sobrium

104 2018 129 2057 rs
149 1999 254 2058 tamen
279 1992 393 2058 debere
416 1993 531 2059 iudicis
556 2012 626 2057 esse
650 1991 804 2056 iudicium
828 2010 864 2054 ao
888 2010 1060 2056 memorem
1084 2011 1293 2074 unumquem-

149 2119 210 2182 que
244 2118 315 2164 esse
347 2102 491 2181 oportere
524 2118 601 2163 suae
635 2097 830 2163 condicionis
865 2102 896 2160 et
928 2097 1044 2160 meriti.
1078 2116 1171 2179 saepe
1209 2098 1293 2162 enim

150 2207 245 2270 etiam
265 2206 296 2270 in
316 2205 483 2270 iudicando
504 2205 608 2269 maius
627 2207 794 2287 peceatum
812 2203 923 2267 iudicii
943 2207 993 2267 est
1012 2222 1106 2285 quam
1125 2208 1292 2286 peceatum

149 2313 250 2395 ipsius
285 2313 322 2377 de
351 2332 413 2394 quo
441 2311 537 2376 suerit
564 2311 751 2376 iudicatum.
782 2329 853 2374 narn
883 2310 910 2373 si
938 2311 1168 2394 praescriptum
1197 2315 1246 2375 est
1274 2330 1293 2374 a

149 2420 340 2501 quibusdam
368 2419 564 2501 sapientibus
592 2417 713 2495 mundi,
743 2422 779 2481 ut
806 2417 838 2481 in
866 2417 1034 2482 iudicando
1063 2423 1223 2495 caueatur,
1252 2438 1291 2482 ne

107 2526 249 2591 somnior
275 2544 377 2608 poena
406 2543 500 2607 quam
529 2527 622 2607 eulpa
651 2525 703 2595 sit,
732 2523 828 2606 idque
857 2527 1012 2599 seruatur,
1042 2528 1159 2606 quanto
1187 2525 1290 2608 magis
1318 2537 1340 2590 Β

149 2632 182 2697 id
206 2632 396 2697 seruandum
420 2631 557 2708 uidetur,
581 2636 618 2696 ut
640 2632 863 2714 unusquisque
886 2631 924 2695 de
947 2631 1008 2695 alio
1032 2631 1229 2696 iudicaturus
1254 2631 1292 2696 de

150 2759 184 2804 se
212 2741 282 2823 ipso
310 2740 399 2823 prius
428 2739 549 2803 iudicet
577 2757 634 2802 neo
661 2730 783 2802 minora
809 2738 842 2802 in
870 2737 932 2802 alio
961 2743 1063 2803 errata
1096 2738 1292 2814 condemnet,

149 2867 222 2911 eum
251 2847 320 2930 ipse
349 2845 497 2930 grauiora
525 2845 731 2909 commiserit.
760 2845 830 2927 quis
860 2864 893 2910 es
917 2845 1018 2928 igitur
1039 2848 1086 2923 tu,
1111 2845 1165 2928 qui
1189 2844 1293 2909 Dauid

150 2957 296 3017 sanetum
324 2953 429 3016 uirum
453 2951 602 3016 iudicas?
626 2950 736 3034 gentili
761 2950 841 3028 dieo,
865 2949 982 3016 ludaeo
1007 2951 1088 3025 dico,
1113 2950 1291 3016 Christiano

239 3178 342 3247 anag.
360 3176 388 3230 ιι
408 3178 450 3241 ιι,
470 3177 559 3232 a-ro
616 3175 725 3229 nnn.
745 3175 771 3239 a,
793 3175 822 3229 ιι

187 3320 199 3372 l
221 3335 328 3389 possem
346 3317 445 3373 ΡΡΜ
461 3335 569 3388 possum
588 3318 617 3371 D
707 3315 837 3370 disserere
856 3315 955 3384 reniret
974 3317 1074 3369 dissere
1097 3316 1123 3369 T
1138 3316 1226 3370 dicere
1246 3322 1292 3374 cet.

151 3410 168 3462 2
187 3413 292 3461 oreatus
311 3407 433 3462 BDB‘P
449 3409 583 3460 tractatus
603 3408 692 3471 (tract.
710 3406 742 3458 in
760 3406 828 3470 rua.)
847 3403 882 3456 Μ
943 3405 961 3457 3
980 3404 1015 3458 ad
1034 3403 1086 3458 TN
1104 3408 1134 3457 nt
1152 3405 1180 3457 B
1199 3405 1225 3457 in
1245 3411 1292 3459 cet.

150 3499 168 3549 4
187 3495 345 3565 euangelica
367 3496 392 3550 T
399 3499 445 3549 or2
458 3495 491 3548 N
506 3493 649 3563 euangelio
667 3494 692 3546 Τ
703 3497 746 3548 nri
764 3493 900 3562 euangelii
919 3499 966 3547 cet.
1040 3493 1183 3546 conueniat
1202 3494 1292 3546 unaX

150 3591 167 3640 6
186 3584 283 3654 psalmi
301 3585 375 3654 prius
398 3584 502 3647 T‘B'P,
520 3583 594 3653 prius
614 3587 679 3637 anu
696 3580 759 3635 ideo
779 3581 938 3650 trarupooit
951 3581 981 3635 D
1034 3581 1051 3635 8
1069 3581 1215 3649 reperimus
1237 3581 1298 3635 TM

152 3675 186 3728 10
205 3674 261 3726 urie
275 3672 303 3724 B
321 3675 346 3743 (e
366 3672 431 3727 aad.
450 3675 504 3731 mi)
525 3672 582 3724 arie
595 3671 630 3725 Ρ
650 3675 675 3737 (e
693 3686 715 3725 a.
730 3674 769 3736 u.)
789 3671 846 3723 urie
864 3670 910 3723 uel
929 3670 1003 3722 uriae
1019 3675 1066 3725 eet.
1121 3670 1224 3722 amauit
1241 3669 1296 3723 TN

151 3762 255 3815 amauit
273 3778 353 3830 quarn
372 3760 401 3813 D
419 3760 575 3829 amnuitque
594 3765 641 3817 cet.
721 3759 753 3813 13
774 3757 954 3812 defendentur
975 3757 1032 3811 TN
1047 3756 1229 3810 defenduntur
1247 3764 1293 3811 cet.

153 3853 187 3904 14
205 3849 325 3907 sobrium
347 3850 400 3904 TN
417 3849 577 3919 subreptum
596 3854 643 3903 cet.
703 3836 739 3902 ’15
760 3863 818 3900 esse
837 3846 934 3901 iudicis
952 3847 976 3901 X
1037 3847 1068 3900 17
1089 3847 1171 3900 otiam
1194 3846 1249 3899 TN
1268 3851 1295 3900 ot

151 3940 185 3993 Ρ
205 3940 287 3995 etiarn
307 3942 335 3992 et
353 3944 400 3993 cet.
481 3943 623 4008 peceatum
642 3936 737 3992 0an
817 3935 947 3990 iudicium
966 3935 1030 3989 BT‘
1103 3940 1242 4004 peceatum
1262 3935 1296 3989 M

152 4029 257 4099 peccati
276 4033 323 4082 cot.
344 4027 463 4089 (iudicii.
477 4031 653 4097 „peceatum
673 4041 725 4082 onr.
739 4025 776 4091 P)
825 4026 856 4079 18
875 4025 964 4095 ipsum
982 4025 1045 4079 PM
1088 4025 1122 4079 20
1141 4027 1295 4095 seruetnrp

130 4103 568 4182 'arinseruandum(om.iu)1›
640 4113 667 4167 id
680 4129 731 4168 orn.
746 4113 811 4168 PM
862 4114 895 4168 22
915 4113 973 4183 nec]
987 4130 1019 4166 ne
1034 4112 1067 4166 N
1118 4114 1152 4167 24
1171 4115 1294 4167 nanctum

152 4206 239 4259 uirum
253 4205 335 4260 dauid
349 4224 367 4275 χ
438 4204 539 4259 Iudaeo
555 4204 623 4265 dieo,
639 4203 793 4259 Christiano
809 4203 869 4258 dico
885 4219 934 4257 om.
951 4203 1007 4257 TN
1017 4202 1118 4258 Iudaeo
1134 4201 1193 4258 dico
1209 4217 1258 4257 om.
1270 4201 1297 4254 P
