2804 5168
150 696 190 758 12
623 691 822 746 Ambrosii

96 888 136 950 12
192 887 288 952 Disee
321 886 547 962 humilitatem,
579 885 684 961 homo,
719 885 888 968 apostolici
916 884 982 948 uim
1011 902 1166 968 cognosce
1195 882 1294 965 magi·

150 994 249 1058 sterii.
280 994 308 1057 si
336 1012 464 1058 seruum
492 995 524 1057 te
553 991 649 1069 dieas,
678 993 811 1058 libertus
842 1011 893 1056 es:
918 991 945 1055 si
969 989 1105 1054 liberum
1128 994 1159 1053 te
1183 989 1294 1053 iaetes.

148 1119 261 1165 seruus
299 1119 343 1165 es.
380 1118 453 1164 nam
490 1101 523 1162 et
557 1098 612 1163 ille
650 1099 704 1181 qui
742 1098 833 1182 quasi
871 1115 983 1162 seruus
1020 1095 1203 1178 redemptus
1246 1101 1296 1158 est

147 1205 328 1270 libertatem
357 1205 452 1269 habet
480 1207 512 1268 et
539 1204 601 1268 iste
630 1205 684 1286 qui
713 1204 804 1287 quasi
832 1205 913 1269 liber
940 1206 1075 1267 uocatus
1104 1206 1154 1266 est
1175 1203 1295 1266 bonurn
1359 1219 1386 1272 1)

149 1314 199 1377 est
220 1312 269 1376 illi
292 1316 329 1377 ut
351 1331 483 1377 seruum
508 1312 627 1378 Christi
647 1332 681 1378 se
701 1333 771 1379 esse
790 1319 972 1398 eognoscat,
993 1313 1052 1377 sub
1073 1332 1135 1396 quo
1156 1313 1297 1378 seruitus
1328 1333 1342 1374 s

147 1421 219 1483 tuta
246 1422 297 1484 est
324 1422 356 1484 et
382 1419 513 1484 libertas
542 1439 662 1484 secura.
693 1421 764 1501 quis
794 1420 886 1502 quasi
912 1419 1043 1484 idiotam
1072 1420 1209 1484 Paulum
1242 1422 1297 1484 uel

147 1526 179 1591 in
194 1526 264 1609 ipso
278 1527 346 1591 inre
366 1525 506 1590 adserit?
526 1526 623 1591 sciuit
642 1526 818 1591 discernere
837 1527 919 1590 iuter
937 1526 1088 1590 libertum
1109 1531 1142 1591 et
1158 1525 1296 1591 liberum

148 1639 180 1699 et
193 1634 265 1698 ideo
281 1651 341 1697 non
357 1632 581 1715 perfunctorie,
596 1632 652 1698 sed
666 1634 791 1716 proprie
806 1633 901 1697 dixit:
919 1633 987 1715 qui
1002 1633 1104 1697 enim
1120 1653 1193 1698 uoo
1204 1638 1296 1698 atus

149 1740 263 1805 estin
279 1739 438 1804 domino
454 1758 612 1816 seruus,
628 1740 808 1804 libertus
824 1739 1074 1815 estdomini;
1096 1739 1299 1804 similiter

148 1847 215 1929 qui
237 1846 343 1911 liber
365 1849 541 1910 uocatus
561 1849 626 1911 est
645 1865 791 1912 seruus
811 1850 874 1910 est
893 1846 1060 1912 Christi.
1081 1865 1190 1910 reuera
1210 1846 1295 1910 enim
1317 1867 1343 1904 ro

148 1972 257 2018 ornnes
291 1951 410 2017 Christi
442 1952 549 2016 liberti
583 1972 705 2029 sumus,
738 1972 829 2016 nemo
862 1952 959 2029 liher;
994 1971 1103 2017 omnes
1141 1953 1224 2016 enim
1263 1953 1295 2017 in

148 2059 303 2123 seruitute
322 2059 472 2143 generati.
494 2059 570 2140 quid
585 2058 695 2123 seruili
710 2059 888 2123 condicioni
904 2059 1121 2142 adrogantiam
1135 2059 1294 2124 libertatis
1358 2055 1382 2109 Ε

38 2163 40 2167 ’
148 2166 318 2231 adsumis?
343 2165 419 2248 quid
443 2166 557 2231 titulos
580 2165 758 2231 nobilitatis
782 2185 931 2249 usurpas,
957 2166 1085 2230 seruilis
1109 2165 1296 2233 hereditas?

150 2273 254 2337 neseis
280 2272 363 2355 qnod
383 2275 414 2337 te
431 2272 519 2336 Adae
540 2275 635 2355 atque
653 2273 740 2337 Euae
760 2273 855 2356 eulpa
872 2272 1102 2354 manciparent
1121 2271 1296 2339 seruituti?

146 2379 249 2444 neseis
278 2378 362 2460 quod
389 2378 557 2443 redemerit
583 2382 615 2443 te
646 2378 804 2456 Christus,
833 2397 895 2442 uon
926 2378 1061 2444 emerit?
1089 2397 1163 2442 non
1197 2397 1294 2443 auro
1316 2402 1341 2440 rs

148 2487 186 2550 et
209 2487 378 2568 argento
403 2485 604 2567 redempti
629 2485 731 2549 estis
758 2484 802 2548 de
826 2503 921 2548 uana
944 2488 1073 2549 nestra
1097 2503 1296 2548 conuersa-

146 2591 259 2656 tioue
281 2594 475 2674 pateruae
498 2591 751 2666 traditionis,
777 2591 847 2655 sad
874 2591 1064 2673 pretioso
1096 2592 1295 2675 sanguine

147 2699 239 2783 agni
267 2699 384 2762 elamat
411 2698 575 2780 apostolus
603 2699 728 2763 Petrus.
764 2716 837 2780 ergo
862 2698 1044 2780 redemptos
1069 2717 1086 2761 a
1110 2698 1236 2762 domino
1262 2717 1295 2763 es

148 2807 180 2868 et
203 2822 315 2868 seruus
340 2823 374 2868 es
399 2805 453 2886 qui
477 2808 600 2870 oreatus
630 2824 674 2881 es,
704 2823 816 2870 seruus
846 2824 878 2868 es
908 2805 961 2887 qui
990 2806 1172 2888 redemptus
1201 2824 1234 2869 es
1264 2806 1296 2869 et

146 2909 238 2993 quasi
271 2910 397 2974 domino
436 2911 624 2975 seruitutem
663 2911 758 2975 debes
797 2914 829 2975 et
868 2912 959 2992 quasi
994 2911 1197 2993 redemptori.
1236 2930 1295 2975 nec
1314 2933 1340 2974 ro

145 3016 324 3081 inferiorem
351 3020 446 3098 putes
474 3017 714 3082 libertinitatem
744 3018 803 3081 sub
833 3017 959 3083 Christo
989 3037 1082 3099 quam
1115 3018 1295 3082 libertatem
1357 3018 1379 3072 F

147 3142 228 3188 esse.
261 3123 300 3187 ad
334 3123 522 3207 dignitatem
550 3124 701 3206 aequalis,
730 3124 770 3188 ad
797 3125 966 3188 tuitionem
994 3125 1203 3206 praestantior
1235 3129 1294 3204 est,

147 3229 187 3292 ad
210 3229 345 3312 gratiam
367 3248 432 3311 par,
457 3229 611 3294 aduersus
637 3231 762 3311 lapsum
787 3230 917 3302 cautior,
939 3230 1092 3294 aduersus
1114 3231 1296 3312 superbiam

146 3336 269 3400 tectior.
302 3335 349 3399 ita
379 3335 557 3400 libertatern
588 3336 748 3418 aoeepisti,
777 3341 815 3401 ut
841 3337 1025 3401 meminisse
1053 3337 1295 3400 manumissoris

146 3441 195 3504 tui
219 3440 344 3517 debeas,
365 3445 402 3505 nt
424 3445 555 3523 patrono
579 3446 636 3506 tuo
656 3443 781 3507 noueris
802 3444 982 3527 legitimum
1003 3443 1191 3524 obsequium
1211 3444 1295 3507 defe—
1314 3465 1340 3507 as

238 3679 269 3732 15
289 3676 302 3730 Ι
319 3676 391 3730 Petr.
414 3679 438 3738 1,
459 3677 550 3746 resq.

184 3800 670 3853 lhomoPmlohomoPm2A
691 3801 716 3870 (o
736 3801 841 3853 iuras.
862 3802 978 3866 ta2)cet.
1016 3801 1074 3854 asi
1094 3802 1294 3857 1111211111

148 3889 182 3954 (si
200 3905 306 3941 seruum
327 3905 359 3942 ese
377 3893 494 3954 seruum)
520 3888 577 3950 VT,
598 3905 648 3942 om.
669 3896 715 3943 eet.
781 3889 848 3943 dicis
868 3893 914 3942 (12
923 3889 983 3945 Par
1003 3895 1030 3941 et
1049 3890 1172 3944 ((1111Ἕ
1224 3890 1293 3943 libe-

145 3994 204 4030 rum
225 3977 245 4042 (1
264 3994 297 4030 er
315 3976 343 4043 b)
363 3977 391 4029 P
439 3977 579 4046 equita
600 3983 631 4042 (s.
652 3977 727 4030 1121
747 3977 804 4047 qui)
877 3978 992 4031 idiotam
1013 3981 1039 4031 A
1060 3984 1091 4044 (s.
1112 3981 1160 4031 m2
1177 3979 1190 4030 l
1209 3981 1248 4045 11)
1267 3979 1296 4031 P

147 4069 226 4139 (corr.
247 4068 302 4130 m2)
411 4066 527 4119 isciuit
546 4066 615 4118 enim
635 4066 668 4121 il‘
689 4066 769 4130 (enim
788 4084 809 4119 a.
829 4083 856 4119 (ι.
876 4071 932 4130 (12)
952 4067 1026 4121 11“Ε
1113 4068 1175 4120 iliu
1195 4083 1247 4120 om.
1267 4067 1295 4119 P

148 4156 180 4209 13
200 4155 327 4207 asanamis
345 4155 372 4207 P
465 4152 602 4207 hereditas
623 4154 645 4218 (1
663 4155 700 4207 tis
718 4173 739 4208 a.
760 4158 847 4219 11112)
868 4156 894 4207 A
912 4155 1049 4208 hereditas
1071 4161 1110 4219 (as
1130 4173 1163 4208 es
1182 4156 1245 4220 atis)
1270 4156 1296 4208 T

148 4243 180 4296 15
200 4241 345 4294 redemerit
363 4245 388 4292 A
409 4242 433 4311 (e
454 4241 502 4296 ((11,
523 4258 555 4294 ee
574 4244 582 4293 i
601 4245 658 4309 m2)
768 4260 821 4295 non
842 4245 936 4296 emerit
957 4244 1007 4299 dei.
1026 4248 1073 4297 m2
1092 4247 1127 4310 A,
1146 4246 1177 4296 iu
1195 4262 1245 4313 sup.
1269 4244 1294 4297 T

148 4331 180 4383 16
200 4334 229 4383 et
248 4335 272 4381 A
295 4334 325 4394 (e.
346 4333 392 4381 m2
409 4329 423 4381 1
440 4334 467 4393 ir)
483 4330 510 4381 P
527 4346 579 4382 non
600 4337 646 4383 eet.
721 4330 875 4384 conditione
896 4335 957 4396 (one
977 4336 1105 4400 paternae
1124 4332 1293 4402 traditionis)

145 4418 183 4472 N'
240 4420 272 4471 18
292 4437 307 4472 a
327 4404 381 4472 dm
398 4417 553 4487 redemptus
573 4420 691 4472 Α(η·2Τ
755 4422 786 4473 19
807 4424 834 4474 et
849 4438 892 4488 pr.
914 4423 940 4473 A
961 4421 1023 4486 (del.
1044 4426 1099 4486 ((12)
1120 4423 1153 4485 P,
1173 4440 1223 4475 oue.
1244 4428 1291 4475 eet.

147 4507 181 4560 20
200 4507 345 4560 redemtori
364 4508 390 4559 P
471 4508 502 4560 21
524 4508 762 4561 libertatinitntem
788 4509 1246 4578 111111.(11).)111111111111111
1270 4513 1295 4566 T

149 4603 176 4660 (a
193 4616 215 4651 s.
234 4613 260 4659 n,
279 4597 327 4650 aed
345 4601 424 4661 erae.)
445 4597 611 4650 liberantem
630 4598 658 4650 P
676 4601 703 4662 (a
722 4603 802 4663 erus.)
868 4601 902 4653 15
921 4604 969 4652 tuo
989 4600 1040 4652 del.
1060 4604 1106 4653 »02
1126 4603 1158 4662 A,
1177 4617 1198 4654 s.
1217 4617 1245 4653 (ι.
1270 4601 1294 4653 Τ
