2804 5168
119 670 161 732 28
590 663 788 718 Ambrosii

120 860 242 925 dicens:
277 859 443 943 sagittae
471 859 675 923 infantium
704 858 829 922 factae
858 861 947 923 sunt
969 858 1103 942 plagae
1128 877 1265 932 eorum,

120 968 175 1049 qui
203 986 274 1031 oum
303 966 492 1050 grauissimo
519 965 596 1030 licet
625 965 731 1029 dolore
754 965 893 1030 luctetur
915 985 973 1030 nec
996 985 1029 1029 se
1052 965 1266 1029 miserabilem

118 1073 276 1157 praebeat,
311 1073 367 1138 sed
405 1072 550 1137 ostendat
581 1074 743 1154 tamquam
779 1072 810 1135 iu
848 1072 990 1136 lauterna
1024 1072 1132 1135 lumen
1170 1072 1267 1135 etiam

118 1181 201 1244 inter
223 1199 350 1261 asperas
374 1178 528 1262 procellas
553 1182 585 1242 et
609 1178 818 1262 grauissimos
842 1178 935 1242 flatus
961 1197 1051 1243 suam
1074 1180 1180 1242 lucere
1208 1198 1267 1242 neo

119 1286 261 1370 extingui
292 1304 387 1368 posse
420 1284 517 1347 animi
547 1284 712 1348 uirtutem.
746 1303 806 1349 non
839 1284 900 1348 iste
927 1284 959 1347 in
988 1303 1118 1348 suorum
1141 1283 1267 1348 iniuriis
1296 1305 1309 1343 ⁵

119 1393 226 1458 mollis
258 1411 316 1456 nec
349 1391 387 1454 de
420 1390 588 1473 sepulchro
627 1390 785 1455 sollicitus
823 1390 875 1454 sni
911 1390 1060 1472 corporis,
1098 1390 1150 1454 cui
1188 1390 1269 1454 sciat

119 1501 240 1565 caelum
266 1498 384 1575 deberi,
408 1516 469 1562 non
494 1497 525 1560 in
550 1496 737 1578 captiuitate
762 1496 882 1561 ciuicae
906 1496 1008 1579 plebis
1028 1496 1190 1573 abiectior,
1212 1496 1269 1560 sed

120 1607 205 1670 sicut
221 1605 315 1669 iudex
334 1622 465 1668 seuerus
480 1602 655 1667 infidelium
669 1603 833 1684 perfidiam
848 1622 1029 1685 erroresque
1044 1603 1267 1682 condemnem,

119 1717 156 1777 ut
182 1711 329 1785 Danihel,
359 1710 414 1792 qui
441 1711 642 1774 sacerdotum
670 1710 755 1774 turta
782 1709 936 1790 prodebat
963 1712 995 1774 et
1024 1709 1267 1792 superstitiones

118 1838 228 1884 eorum
263 1817 476 1901 redarguebat
512 1815 681 1881 ostendens
719 1817 807 1880 nulla
843 1816 979 1881 ueritate
1017 1816 1177 1893 subnixas,
1211 1817 1267 1880 sed
1288 1844 1312 1883 ro

118 1923 282 1988 fraudibus
310 1923 525 1986 adumbratas.
559 1923 633 1987 talis
665 1927 826 2003 postremo
856 1926 905 1986 est
932 1922 982 1987 uir
1013 1922 1183 2003 perlectus,
1213 1924 1269 2004 qui

119 2050 228 2095 omnes
251 2029 332 2094 uelit
354 2030 433 2094 bene
456 2048 549 2112 agere
573 2029 715 2111 nihilque
740 2029 888 2112 cuiqnam
912 2029 1053 2094 accidere
1076 2030 1153 2093 mali
1178 2032 1219 2105 et,
1240 2030 1267 2094 si

117 2143 242 2220 praeter
278 2136 477 2214 uoluntatem
509 2135 584 2200 ¹eius
621 2135 781 2216 acciderit,
818 2136 888 2218 ipse
924 2139 1030 2201 tamen
1067 2135 1105 2199 de
1141 2137 1269 2219 propria

119 2243 315 2309 beatitudine
339 2243 384 2307 nil
409 2243 545 2307 amittat.

74 2356 115 2420 37
164 2350 227 2416 Sed
259 2351 339 2415 forte
373 2349 489 2432 aliquis
522 2353 614 2432 putet
641 2348 872 2433 aegritudinem
902 2351 997 2430 atque
1024 2348 1267 2413 inbecillitatem
1288 2375 1311 2414 u

118 2458 257 2540 corporis
281 2456 509 2539 impedimento
534 2475 604 2520 esse
629 2455 667 2521 ad
690 2455 894 2538 perfectiouis
918 2474 1035 2519 munus
1058 2455 1267 2535 implendum,

118 2585 154 2630 eo
183 2565 268 2647 quod
296 2584 356 2628 nou
386 2564 512 2646 possint
535 2583 629 2646 opera
651 2582 802 2627 mannum
826 2563 893 2626 ulla
915 2563 1062 2645 factaque
1085 2561 1265 2643 procedere.

117 2691 229 2735 uerum
261 2690 298 2735 ea
330 2670 392 2735 sibi
423 2671 529 2734 iustus
562 2669 787 2751 impedimento
821 2688 891 2733 esse
920 2687 981 2733 non
1011 2668 1139 2745 sentiet,
1166 2668 1265 2732 immo

118 2777 214 2841 etiam
247 2796 318 2841 eum
353 2777 408 2859 qui
440 2775 497 2840 illa
528 2775 752 2840 miserabiliter
783 2775 897 2839 defleat
929 2775 1079 2858 corripiet
1110 2777 1142 2839 et
1174 2775 1266 2857 quasi

116 2884 267 2966 ignauum
301 2885 422 2966 arguet,
452 2882 537 2963 quod
569 2882 641 2963 plus
669 2883 701 2945 in
731 2881 870 2964 corporis
898 2901 959 2945 usu
989 2901 1084 2963 quarn
1111 2881 1143 2945 in
1168 2882 1266 2945 animi
1284 2909 1310 2948 ro

116 2991 237 3054 uirtute
269 2990 454 3066 constituat,
488 2989 572 3070 quod
604 3009 639 3053 ea
676 2989 793 3070 quibus
831 2989 951 3053 seruiat
987 2988 1153 3062 desideret,
1191 3005 1265 3051 cum

116 3096 231 3160 habeat
263 3096 347 3179 qnod
380 3096 451 3159 aliis
484 3096 585 3178 magis
618 3095 722 3178 possit
753 3096 871 3171 iubere,
901 3095 986 3177 quod
1013 3095 1044 3157 in
1078 3097 1265 3177 paupertate

117 3201 316 3284 ingemiscat,
341 3201 396 3282 qni
423 3201 528 3284 possit
556 3219 651 3283 snpra
675 3200 785 3264 muudi
810 3220 886 3283 opes
910 3219 980 3264 esse
1003 3237 1048 3246 —
1071 3200 1157 3263 fideli
1180 3200 1265 3264 euim

209 3393 221 3444 l
241 3391 340 3446 Psalru.
361 3391 451 3445 LXIII
469 3391 486 3444 8
577 3392 593 3443 9
613 3395 667 3444 uet.
687 3390 761 3446 Test.
783 3391 823 3444 ed.
845 3389 1025 3444 'l'isclreudorf
1043 3390 1083 3445 ed.
1103 3390 1200 3443 Nestle
1220 3390 1262 3444 ed.

118 3480 170 3534 VII
190 3499 214 3550 p.
236 3482 295 3545 615,
316 3497 357 3534 uu,
378 3481 394 3557 9
414 3497 473 3550 sqq.
495 3481 574 3547 (Dan.
597 3481 637 3542 14,
658 3481 674 3533 9
694 3479 764 3549 sqq.)
819 3479 853 3532 23
871 3479 1000 3533 Prouerb.
1022 3480 1063 3541 17,
1083 3480 1099 3532 6

117 3588 203 3640 lembo
226 3587 291 3640 inde
315 3605 332 3639 o
357 3586 490 3656 despiciat
513 3603 598 3654 usque
622 3587 660 3640 ad
682 3587 768 3640 somni
787 3604 816 3654 p.
843 3589 883 3639 30
905 3603 932 3639 c.
955 3589 979 3645 9,
1004 3585 1160 3653 suppletum
1185 3591 1224 3638 est
1243 3603 1261 3638 a

115 3693 202 3730 mauu-
228 3677 374 3729 recentiore
400 3676 505 3730 saecuti
532 3676 587 3739 XI,
617 3676 696 3729 coires
727 3677 882 3742 arrepturae
908 3675 977 3743 siglo
1010 3673 1064 3740 (A)
1096 3674 1260 3742 significabo

116 3765 274 3818 Slauterna
292 3765 376 3820 Patr
396 3765 438 3828 (lei
455 3782 472 3817 n
493 3781 551 3831 exp.
571 3767 626 3829 roal)
652 3764 800 3816 Vlctcrua
818 3769 866 3816 cet.
930 3763 1055 3815 delatus
1076 3765 1124 3827 (Α)
1186 3763 1259 3816 lci-

115 3854 175 3906 uiee
194 3855 221 3906 P
273 3853 290 3906 8
309 3853 507 3922 condempnans
525 3852 583 3905 PV
643 3854 658 3905 9
677 3853 769 3905 futura
783 3855 831 3918 (A)
853 3858 878 3904 et
897 3858 976 3916 (corr.
997 3852 1078 3916 furta)
1099 3850 1129 3904 D
1146 3851 1221 3905 lacta
1238 3851 1263 3903 Τ

117 3943 147 3995 11
168 3941 343 3994 adumbratus
358 3943 416 4009 (A),
436 3958 448 3993 s
467 3958 488 3994 s.
508 3959 536 3996 rc.
593 3942 633 3994 uir
652 3946 787 4009 postremo
808 3946 849 3995 eet
863 3941 936 3997 91⁴¹E
988 3943 1029 3994 uir
1047 3943 1078 3994 iu
1097 3958 1151 3994 ros.
1171 3941 1260 3996 111299

115 4047 160 4083 cnr
179 4031 226 4098 (A)
246 4034 277 4081 ut
295 4028 325 4081 I)
390 4030 422 4083 12
442 4029 568 4082 accedere
595 4029 620 4080 V
637 4037 716 4094 (corr.
736 4034 792 4095 m2)
812 4030 843 4083 N
861 4034 940 4094 (corr.
961 4035 1007 4082 on?
1025 4029 1069 4094 91¹)
1135 4030 1169 4082 13
1189 4031 1258 4081 acci-

116 4118 205 4172 derint
225 4117 304 4181 (A)T
392 4118 585 4187 propriaP(r
605 4119 693 4171 aits
713 4136 740 4172 u.
760 4120 817 4186 mal)
874 4119 907 4173 14
925 4119 964 4171 nil
985 4135 1036 4173 eor.
1056 4118 1104 4183 (Α)
1150 4118 1259 4172 161118-

115 4224 164 4259 uus
184 4207 211 4260 P
228 4209 308 4273 (corr.
330 4209 384 4271 7122)
461 4207 492 4258 17
513 4208 740 4269 manuum91(u‚
761 4208 809 4260 ult
830 4224 850 4260 a.
871 4224 897 4259 u.
918 4212 975 4271 md)
1047 4207 1079 4261 18
1099 4207 1186 4260 iustus
1205 4207 1258 4259 sibi

116 4296 195 4361 (ΑΠ’
217 4296 268 4347 sibi
293 4296 378 4348 uirtus
410 4295 435 4345 V
560 4311 617 4347 osse
641 4311 662 4349 s.
687 4313 714 4348 a.
736 4297 784 4360 (A)
876 4297 909 4349 20
930 4297 1002 4364 quod
1021 4297 1048 4348 P
1070 4295 1099 4358 (d
1118 4313 1152 4349 ox
1170 4313 1182 4349 s
1201 4300 1257 4357 m2)

115 4385 147 4436 21
177 4385 326 4437 constituet
352 4384 432 4448 (Arl'
538 4383 675 4437 deserniat
693 4386 718 4437 A
739 4384 783 4448 (de
804 4385 854 4437 del.
876 4388 932 4450 erar)
1024 4384 1161 4438 desideret
1179 4384 1261 4452 (ml)

115 4474 149 4525 22
169 4489 221 4541 quo
241 4473 318 4537 (Apl'
402 4472 489 4524 iuuari
509 4473 588 4540 (A)T
653 4473 686 4525 23
706 4473 873 4542 ingemescat
896 4474 921 4525 V
937 4475 1098 4542 ingemiscat
1118 4475 1138 4538 (i
1158 4474 1207 4528 alt.
1227 4491 1261 4526 on

116 4565 140 4621 e)
159 4562 344 4618 9111139Ιήιῖ
